,time,price,change,volume,amount,type
0,09:25:04,76.73,0.01,4092,31397916,买盘
1,09:30:02,76.73,0.0,468,3598148,买盘
2,09:30:05,76.75,0.02,822,6310450,卖盘
3,09:30:08,76.74,-0.01,199,1527242,中性盘
4,09:30:10,76.73,-0.01,320,2455500,卖盘
5,09:30:14,76.75,0.02,152,1166362,中性盘
6,09:30:17,76.73,-0.02,250,1918352,卖盘
7,09:30:19,76.74,0.01,176,1350578,中性盘
8,09:30:23,76.76,0.02,108,829005,中性盘
9,09:30:26,76.76,0.0,36,276331,卖盘
10,09:30:29,76.77,0.01,174,1335552,买盘
11,09:30:32,76.8,0.03,234,1796228,买盘
12,09:30:35,76.79,-0.01,14,107515,卖盘
13,09:30:38,76.8,0.01,95,729517,卖盘
14,09:30:41,76.78,-0.02,82,629686,卖盘
15,09:30:44,76.8,0.02,106,813961,买盘
16,09:30:47,76.79,-0.01,172,1320858,卖盘
17,09:30:50,76.78,-0.01,71,545219,卖盘
18,09:30:53,76.77,-0.01,124,951969,卖盘
19,09:30:54,76.78,0.01,122,936750,中性盘
20,09:30:57,76.77,-0.01,151,1159149,卖盘
21,09:31:02,76.77,0.0,78,598740,买盘
22,09:31:05,76.73,-0.04,225,1726795,卖盘
23,09:31:08,76.77,0.04,346,2655126,买盘
24,09:31:11,76.75,-0.02,681,5224340,卖盘
25,09:31:14,76.71,-0.04,290,2225170,卖盘
26,09:31:15,76.65,-0.06,194,1487857,卖盘
27,09:31:20,76.64,-0.01,45,344943,卖盘
28,09:31:23,76.68,0.04,48,367811,买盘
29,09:31:24,76.61,-0.07,89,682012,卖盘
30,09:31:29,76.63,0.02,25,191547,买盘
31,09:31:30,76.68,0.05,352,2697592,买盘
32,09:31:35,76.63,-0.05,245,1878482,卖盘
33,09:31:38,76.63,0.0,36,275837,买盘
34,09:31:41,76.62,-0.01,43,329443,中性盘
35,09:31:44,76.61,-0.01,280,2145968,卖盘
36,09:31:47,76.7,0.09,314,2406661,买盘
37,09:31:49,76.58,-0.12,476,3649732,卖盘
38,09:31:53,76.58,0.0,100,765835,买盘
39,09:31:54,76.7,0.12,149,1142352,买盘
40,09:31:59,76.7,0.0,98,751670,卖盘
41,09:32:02,76.7,0.0,24,184082,卖盘
42,09:32:05,76.7,0.0,139,1066299,卖盘
43,09:32:08,76.68,-0.02,34,260704,中性盘
44,09:32:11,76.7,0.02,163,1249735,买盘
45,09:32:14,76.69,-0.01,24,184066,卖盘
46,09:32:17,76.66,-0.03,192,1472369,卖盘
47,09:32:20,76.64,-0.02,358,2744798,中性盘
48,09:32:23,76.64,0.0,104,795017,买盘
49,09:32:26,76.68,0.04,111,850838,买盘
50,09:32:29,76.67,-0.01,69,528821,中性盘
51,09:32:32,76.7,0.03,194,1487539,买盘
52,09:32:34,76.68,-0.02,281,2155006,买盘
53,09:32:38,76.71,0.03,315,2415988,买盘
54,09:32:41,76.7,-0.01,191,1465152,卖盘
55,09:32:44,76.68,-0.02,170,1303907,卖盘
56,09:32:47,76.72,0.04,387,2969717,卖盘
57,09:32:49,76.73,0.01,250,1918554,买盘
58,09:32:53,76.73,0.0,144,1105193,卖盘
59,09:32:56,76.72,-0.01,76,583186,卖盘
60,09:32:59,76.72,0.0,140,1074199,卖盘
61,09:33:02,76.74,0.02,276,2117979,卖盘
62,09:33:05,76.79,0.05,156,1197416,买盘
63,09:33:08,76.79,0.0,260,1996274,买盘
64,09:33:11,76.82,0.03,73,560691,买盘
65,09:33:14,76.85,0.03,378,2904875,买盘
66,09:33:17,76.89,0.04,43,330591,买盘
67,09:33:20,76.9,0.01,53,407527,买盘
68,09:33:21,76.9,0.0,155,1191900,买盘
69,09:33:24,76.94,0.04,93,715602,买盘
70,09:33:28,76.94,0.0,506,3890849,中性盘
71,09:33:32,76.94,0.0,51,392246,买盘
72,09:33:35,76.93,-0.01,98,753914,卖盘
73,09:33:38,76.93,0.0,503,3870023,买盘
74,09:33:41,76.95,0.02,30,230854,卖盘
75,09:33:44,76.97,0.02,68,523289,买盘
76,09:33:47,76.97,0.0,421,3239186,买盘
77,09:33:50,76.97,0.0,189,1454754,买盘
78,09:33:53,76.98,0.01,162,1246978,买盘
79,09:33:56,76.98,0.0,212,1632129,中性盘
80,09:33:59,76.99,0.01,651,5012111,买盘
81,09:34:02,77.0,0.01,804,6190720,买盘
82,09:34:04,77.0,0.0,675,5197072,买盘
83,09:34:08,77.0,0.0,82,631370,买盘
84,09:34:11,76.99,-0.01,177,1362852,卖盘
85,09:34:12,77.0,0.01,190,1462901,买盘
86,09:34:17,76.99,-0.01,186,1432021,卖盘
87,09:34:19,76.98,-0.01,424,3264661,卖盘
88,09:34:23,76.99,0.01,113,869951,买盘
89,09:34:26,76.98,-0.01,277,2132714,卖盘
90,09:34:29,76.95,-0.03,36,277057,卖盘
91,09:34:30,76.96,0.01,410,3155550,买盘
92,09:34:35,76.96,0.0,57,438720,买盘
93,09:34:38,76.95,-0.01,63,484853,卖盘
94,09:34:41,76.95,0.0,189,1454661,买盘
95,09:34:44,76.95,0.0,162,1246289,买盘
96,09:34:45,76.94,-0.01,98,753969,买盘
97,09:34:50,76.93,-0.01,46,353842,中性盘
98,09:34:53,76.92,-0.01,380,2922998,中性盘
99,09:34:56,76.89,-0.03,39,299824,中性盘
100,09:34:58,76.85,-0.04,42,322770,卖盘
101,09:35:02,76.83,-0.02,40,307348,卖盘
102,09:35:04,76.83,0.0,35,268890,买盘
103,09:35:08,76.81,-0.02,71,545449,卖盘
104,09:35:11,76.81,0.0,38,291867,买盘
105,09:35:12,76.79,-0.02,171,1313231,卖盘
106,09:35:17,76.79,0.0,49,376268,买盘
107,09:35:20,76.78,-0.01,104,798594,卖盘
108,09:35:22,76.79,0.01,30,230356,中性盘
109,09:35:26,76.78,-0.01,75,575851,卖盘
110,09:35:29,76.78,0.0,74,568176,买盘
111,09:35:30,76.78,0.0,167,1282310,买盘
112,09:35:35,76.76,-0.02,59,452959,卖盘
113,09:35:37,76.78,0.02,77,591095,买盘
114,09:35:41,76.76,-0.02,310,2379032,中性盘
115,09:35:44,76.75,-0.01,9,69071,中性盘
116,09:35:47,76.75,0.0,97,744405,买盘
117,09:35:50,76.78,0.03,190,1458591,买盘
118,09:35:51,76.72,-0.06,128,982425,卖盘
119,09:35:56,76.77,0.05,268,2057353,买盘
120,09:35:59,76.76,-0.01,249,1911405,买盘
121,09:36:02,76.76,0.0,326,2502381,买盘
122,09:36:04,76.8,0.04,102,783141,买盘
123,09:36:07,76.83,0.03,702,5396958,买盘
124,09:36:11,76.84,0.01,79,607384,中性盘
125,09:36:14,76.91,0.07,28,215314,中性盘
126,09:36:17,76.92,0.01,27,207670,买盘
127,09:36:20,76.9,-0.02,78,599662,中性盘
128,09:36:23,76.92,0.02,490,3767626,买盘
129,09:36:26,76.95,0.03,116,892302,买盘
130,09:36:29,76.95,0.0,326,2506478,买盘
131,09:36:32,76.95,0.0,87,669351,买盘
132,09:36:35,76.93,-0.02,368,2831118,中性盘
133,09:36:38,76.95,0.02,90,692523,买盘
134,09:36:41,76.96,0.01,111,854261,买盘
135,09:36:44,76.96,0.0,99,761945,卖盘
136,09:36:47,76.96,0.0,247,1900883,卖盘
137,09:36:50,76.96,0.0,116,892664,买盘
138,09:36:53,76.98,0.02,89,684982,买盘
139,09:36:56,76.99,0.01,707,5443032,买盘
140,09:36:59,76.99,0.0,69,531136,买盘
141,09:37:02,76.99,0.0,441,3394220,买盘
142,09:37:05,77.0,0.01,588,4527322,买盘
143,09:37:08,76.99,-0.01,84,646750,卖盘
144,09:37:11,77.0,0.01,403,3102774,买盘
145,09:37:14,76.99,-0.01,141,1085620,卖盘
146,09:37:17,77.0,0.01,450,3464875,买盘
147,09:37:20,76.98,-0.02,468,3604555,卖盘
148,09:37:23,76.97,-0.01,112,862159,卖盘
149,09:37:26,77.02,0.05,384,2956626,买盘
150,09:37:29,77.01,-0.01,87,669895,买盘
151,09:37:32,77.0,-0.01,157,1207806,卖盘
152,09:37:35,77.0,0.0,148,1140527,卖盘
153,09:37:38,76.98,-0.02,48,369522,卖盘
154,09:37:41,76.98,0.0,282,2170866,买盘
155,09:37:44,76.99,0.01,49,377244,买盘
156,09:37:47,76.99,0.0,130,1000883,买盘
157,09:37:49,77.0,0.01,144,1108789,买盘
158,09:37:53,76.99,-0.01,123,947027,卖盘
159,09:37:56,76.99,0.0,364,2802681,买盘
160,09:37:57,77.0,0.01,141,1085694,买盘
161,09:38:02,77.01,0.01,135,1039592,买盘
162,09:38:05,77.0,-0.01,182,1400618,卖盘
163,09:38:08,77.0,0.0,313,2410104,卖盘
164,09:38:11,77.01,0.01,61,469727,中性盘
165,09:38:14,77.01,0.0,383,2949720,买盘
166,09:38:17,77.0,-0.01,579,4459580,卖盘
167,09:38:19,77.01,0.01,65,499539,买盘
168,09:38:22,77.02,0.01,226,1740585,买盘
169,09:38:25,77.0,-0.02,409,3150207,卖盘
170,09:38:29,77.02,0.02,515,3965921,中性盘
171,09:38:31,77.06,0.04,26,200279,买盘
172,09:38:35,77.03,-0.03,371,2858211,卖盘
173,09:38:38,77.06,0.03,26,200358,中性盘
174,09:38:41,77.07,0.01,344,2651160,买盘
175,09:38:43,77.07,0.0,666,5132896,买盘
176,09:38:47,77.07,0.0,157,1210320,卖盘
177,09:38:50,77.09,0.02,36,277515,买盘
178,09:38:53,77.1,0.01,130,1002275,买盘
179,09:38:56,77.1,0.0,173,1333782,买盘
180,09:38:57,77.09,-0.01,470,3623596,卖盘
181,09:39:02,77.11,0.02,54,416377,买盘
182,09:39:05,77.11,0.0,47,362439,卖盘
183,09:39:08,77.13,0.02,47,362453,买盘
184,09:39:10,77.12,-0.01,173,1334045,卖盘
185,09:39:14,77.13,0.01,324,2498991,买盘
186,09:39:17,77.13,0.0,103,794429,买盘
187,09:39:20,77.13,0.0,213,1642935,买盘
188,09:39:23,77.13,0.0,1378,10631094,卖盘
189,09:39:25,77.14,0.01,179,1380773,中性盘
190,09:39:28,77.13,-0.01,48,370231,卖盘
191,09:39:31,77.13,0.0,111,856129,买盘
192,09:39:35,77.14,0.01,135,1041315,买盘
193,09:39:39,77.1,-0.04,424,3269894,卖盘
194,09:39:41,77.12,0.02,109,840630,中性盘
195,09:39:44,77.13,0.01,430,3316915,买盘
196,09:39:46,77.14,0.01,106,817592,中性盘
197,09:39:50,77.14,0.0,402,3099591,买盘
198,09:39:51,77.1,-0.04,571,4404070,卖盘
199,09:39:56,77.09,-0.01,67,516556,卖盘
200,09:39:59,77.07,-0.02,1079,8320705,卖盘
201,09:40:02,77.09,0.02,163,1256598,买盘
202,09:40:06,77.1,0.01,106,817073,买盘
203,09:40:07,77.1,0.0,142,1094755,买盘
204,09:40:11,77.1,0.0,202,1557716,买盘
205,09:40:13,77.1,0.0,78,601427,买盘
206,09:40:17,77.1,0.0,173,1334171,卖盘
207,09:40:20,77.1,0.0,64,493502,卖盘
208,09:40:21,77.1,0.0,32,246755,卖盘
209,09:40:26,77.1,0.0,214,1650111,卖盘
210,09:40:28,77.1,0.0,140,1079595,卖盘
211,09:40:32,77.08,-0.02,285,2197416,卖盘
212,09:40:36,77.08,0.0,109,840176,买盘
213,09:40:38,77.09,0.01,125,963442,买盘
214,09:40:40,77.05,-0.04,153,1179190,卖盘
215,09:40:44,77.06,0.01,172,1325627,中性盘
216,09:40:45,77.05,-0.01,174,1341316,卖盘
217,09:40:50,77.04,-0.01,54,416059,卖盘
218,09:40:53,77.05,0.01,78,600435,买盘
219,09:40:56,77.06,0.01,402,3097447,买盘
220,09:40:59,77.09,0.03,456,3512928,买盘
221,09:41:02,77.09,0.0,245,1888755,卖盘
222,09:41:05,77.1,0.01,231,1780733,买盘
223,09:41:07,77.09,-0.01,125,963704,买盘
224,09:41:11,77.05,-0.04,480,3699786,卖盘
225,09:41:14,77.05,0.0,121,932482,买盘
226,09:41:17,77.05,0.0,36,277444,中性盘
227,09:41:20,77.05,0.0,165,1271622,卖盘
228,09:41:23,77.07,0.02,141,1086435,买盘
229,09:41:26,77.05,-0.02,146,1124905,卖盘
230,09:41:29,77.05,0.0,337,2596116,买盘
231,09:41:32,77.05,0.0,691,5322592,买盘
232,09:41:34,77.01,-0.04,47,361926,卖盘
233,09:41:38,77.01,0.0,282,2172395,买盘
234,09:41:41,77.02,0.01,31,238686,买盘
235,09:41:44,77.01,-0.01,130,1001007,买盘
236,09:41:46,77.0,-0.01,192,1478882,中性盘
237,09:41:50,77.0,0.0,54,415834,卖盘
238,09:41:53,77.0,0.0,13,100106,卖盘
239,09:41:54,77.01,0.01,105,808529,中性盘
240,09:41:59,77.0,-0.01,25,192538,卖盘
241,09:42:00,77.0,0.0,375,2888045,卖盘
242,09:42:05,77.0,0.0,131,1008882,买盘
243,09:42:08,76.98,-0.02,135,1039422,卖盘
244,09:42:10,76.98,0.0,27,207863,卖盘
245,09:42:14,76.96,-0.02,496,3819354,卖盘
246,09:42:17,76.96,0.0,70,538816,卖盘
247,09:42:20,76.96,0.0,78,600269,买盘
248,09:42:23,76.95,-0.01,271,2085878,卖盘
249,09:42:26,77.01,0.06,93,715874,买盘
250,09:42:29,77.0,-0.01,157,1209274,卖盘
251,09:42:31,77.0,0.0,46,354275,卖盘
252,09:42:35,77.01,0.01,147,1132076,中性盘
253,09:42:38,77.01,0.0,63,485225,中性盘
254,09:42:41,77.04,0.03,114,878314,买盘
255,09:42:44,77.0,-0.04,126,970221,卖盘
256,09:42:47,77.0,0.0,108,831586,买盘
257,09:42:50,76.98,-0.02,198,1524554,卖盘
258,09:42:53,77.0,0.02,104,800788,买盘
259,09:42:56,77.0,0.0,301,2317751,卖盘
260,09:42:59,76.98,-0.02,197,1516602,卖盘
261,09:43:02,76.98,0.0,86,661976,买盘
262,09:43:05,76.96,-0.02,51,392555,卖盘
263,09:43:07,76.96,0.0,96,738816,买盘
264,09:43:11,76.95,-0.01,26,200087,卖盘
265,09:43:14,76.95,0.0,4,30783,卖盘
266,09:43:17,76.95,0.0,124,954243,卖盘
267,09:43:20,76.95,0.0,187,1439089,卖盘
268,09:43:23,76.96,0.01,237,1823765,买盘
269,09:43:26,76.96,0.0,81,623391,买盘
270,09:43:29,76.95,-0.01,207,1592898,卖盘
271,09:43:32,76.95,0.0,56,430952,卖盘
272,09:43:35,76.95,0.0,74,569472,卖盘
273,09:43:39,76.95,0.0,137,1054168,卖盘
274,09:43:41,76.95,0.0,276,2123465,买盘
275,09:43:44,76.95,0.0,339,2607646,买盘
276,09:43:46,76.9,-0.05,125,961302,卖盘
277,09:43:50,76.86,-0.04,194,1492132,卖盘
278,09:43:53,76.88,0.02,186,1429870,买盘
279,09:43:56,76.9,0.02,225,1730298,买盘
280,09:43:59,76.92,0.02,117,899252,买盘
281,09:44:02,76.88,-0.04,38,292110,卖盘
282,09:44:05,76.92,0.04,128,984447,买盘
283,09:44:08,76.92,0.0,19,146148,卖盘
284,09:44:10,76.93,0.01,46,353836,买盘
285,09:44:14,76.92,-0.01,251,1930758,卖盘
286,09:44:17,76.93,0.01,18,138479,买盘
287,09:44:20,76.93,0.0,96,738602,卖盘
288,09:44:23,76.95,0.02,68,523206,买盘
289,09:44:26,76.95,0.0,58,446311,中性盘
290,09:44:29,76.95,0.0,45,346283,卖盘
291,09:44:32,76.95,0.0,17,130815,卖盘
292,09:44:35,76.93,-0.02,54,415520,卖盘
293,09:44:39,76.93,0.0,114,877112,卖盘
294,09:44:41,76.93,0.0,14,107698,买盘
295,09:44:44,76.92,-0.01,140,1077042,卖盘
296,09:44:47,76.93,0.01,159,1222700,买盘
297,09:44:50,76.92,-0.01,4,30767,中性盘
298,09:44:53,76.93,0.01,50,384612,买盘
299,09:44:56,76.91,-0.02,31,238481,卖盘
300,09:44:59,76.92,0.01,71,546031,买盘
301,09:45:02,76.9,-0.02,31,238437,卖盘
302,09:45:05,76.91,0.01,36,276886,卖盘
303,09:45:08,76.9,-0.01,86,661408,卖盘
304,09:45:11,76.91,0.01,34,261472,买盘
305,09:45:14,76.91,0.0,240,1845998,卖盘
306,09:45:17,76.91,0.0,10,76900,买盘
307,09:45:20,76.91,0.0,32,246100,买盘
308,09:45:23,76.91,0.0,75,576764,买盘
309,09:45:26,76.9,-0.01,238,1830046,卖盘
310,09:45:29,76.9,0.0,431,3314389,买盘
311,09:45:32,76.89,-0.01,61,469014,卖盘
312,09:45:35,76.91,0.02,317,2437558,买盘
313,09:45:38,76.9,-0.01,85,653680,卖盘
314,09:45:41,76.92,0.02,102,784553,买盘
315,09:45:44,76.92,0.0,34,261553,卖盘
316,09:45:47,76.91,-0.01,99,761548,卖盘
317,09:45:50,76.93,0.02,462,3556072,买盘
318,09:45:53,76.93,0.0,46,353853,卖盘
319,09:45:56,76.93,0.0,53,407757,卖盘
320,09:45:59,76.92,-0.01,151,1161549,卖盘
321,09:46:02,76.94,0.02,136,1046133,买盘
322,09:46:05,76.95,0.01,36,277023,卖盘
323,09:46:09,76.95,0.0,25,192382,卖盘
324,09:46:11,76.97,0.02,21,161633,买盘
325,09:46:14,76.98,0.01,153,1177561,买盘
326,09:46:17,76.96,-0.02,39,300170,卖盘
327,09:46:20,76.98,0.02,24,184733,买盘
328,09:46:23,76.98,0.0,929,7152532,买盘
329,09:46:26,77.0,0.02,166,1278184,买盘
330,09:46:29,77.01,0.01,491,3779232,买盘
331,09:46:32,77.0,-0.01,27,207902,中性盘
332,09:46:35,76.98,-0.02,64,492712,卖盘
333,09:46:38,76.95,-0.03,14,107730,买盘
334,09:46:41,76.95,0.0,61,469468,买盘
335,09:46:44,76.98,0.03,55,423214,买盘
336,09:46:47,76.94,-0.04,38,292413,卖盘
337,09:46:50,76.97,0.03,2,15394,中性盘
338,09:46:53,76.98,0.01,48,369467,买盘
339,09:46:56,76.98,0.0,27,207837,中性盘
340,09:46:59,76.94,-0.04,215,1654522,卖盘
341,09:47:02,76.94,0.0,77,592398,买盘
342,09:47:05,76.94,0.0,227,1747067,买盘
343,09:47:08,76.94,0.0,194,1493245,中性盘
344,09:47:11,76.98,0.04,40,307856,买盘
345,09:47:14,76.95,-0.03,13,100038,卖盘
346,09:47:17,76.99,0.04,41,315559,买盘
347,09:47:20,76.98,-0.01,15,115470,买盘
348,09:47:24,76.95,-0.03,71,546326,买盘
349,09:47:26,76.94,-0.01,36,277046,卖盘
350,09:47:29,76.97,0.03,45,346277,买盘
351,09:47:32,76.94,-0.03,98,754018,卖盘
352,09:47:35,76.94,0.0,28,215444,卖盘
353,09:47:38,76.94,0.0,61,469423,买盘
354,09:47:41,76.93,-0.01,28,215451,卖盘
355,09:47:44,76.96,0.03,69,531029,买盘
356,09:47:47,76.93,-0.03,209,1608269,卖盘
357,09:47:50,76.95,0.02,7,53870,中性盘
358,09:47:54,76.96,0.01,67,515644,买盘
359,09:47:54,76.97,0.01,16,123140,买盘
360,09:47:59,76.96,-0.01,220,1693299,卖盘
361,09:48:02,76.95,-0.01,72,554097,卖盘
362,09:48:05,76.95,0.0,33,253943,买盘
363,09:48:08,76.95,0.0,26,200070,中性盘
364,09:48:11,76.95,0.0,25,192376,卖盘
365,09:48:14,76.95,0.0,33,253946,卖盘
366,09:48:17,76.94,-0.01,174,1339027,卖盘
367,09:48:20,76.94,0.0,55,423195,卖盘
368,09:48:23,76.96,0.02,242,1862390,买盘
369,09:48:26,76.94,-0.02,32,246247,卖盘
370,09:48:29,76.95,0.01,55,423185,买盘
371,09:48:32,76.94,-0.01,33,253932,卖盘
372,09:48:35,76.95,0.01,333,2562164,买盘
373,09:48:38,76.95,0.0,95,731031,买盘
374,09:48:41,76.95,0.0,14,107730,卖盘
375,09:48:44,76.94,-0.01,64,492385,卖盘
376,09:48:47,76.94,0.0,15,115412,买盘
377,09:48:50,76.95,0.01,162,1246574,买盘
378,09:48:54,76.94,-0.01,229,1762144,卖盘
379,09:48:56,76.93,-0.01,34,261592,卖盘
380,09:48:59,76.95,0.02,147,1131138,买盘
381,09:49:02,76.95,0.0,64,492485,卖盘
382,09:49:05,76.95,0.0,25,192378,卖盘
383,09:49:09,76.96,0.01,199,1531450,买盘
384,09:49:11,76.95,-0.01,157,1208293,卖盘
385,09:49:14,76.98,0.03,247,1901162,买盘
386,09:49:17,76.97,-0.01,8,61576,卖盘
387,09:49:20,76.98,0.01,242,1862724,买盘
388,09:49:23,76.98,0.0,191,1470314,买盘
389,09:49:26,76.98,0.0,93,715860,买盘
390,09:49:29,76.98,0.0,188,1447199,买盘
391,09:49:30,76.99,0.01,132,1016136,买盘
392,09:49:35,76.97,-0.02,123,946748,卖盘
393,09:49:39,76.99,0.02,221,1701312,买盘
394,09:49:41,76.99,0.0,32,246347,买盘
395,09:49:44,76.96,-0.03,1331,10247815,卖盘
396,09:49:47,77.01,0.05,26,200195,买盘
397,09:49:50,77.0,-0.01,14,107800,卖盘
398,09:49:53,77.0,0.0,29,223317,卖盘
399,09:49:54,77.01,0.01,350,2695043,买盘
400,09:49:58,77.0,-0.01,145,1116518,卖盘
401,09:50:02,77.01,0.01,62,477441,买盘
402,09:50:05,77.0,-0.01,84,646854,卖盘
403,09:50:09,77.0,0.0,173,1332103,卖盘
404,09:50:11,76.99,-0.01,183,1408952,卖盘
405,09:50:14,76.98,-0.01,80,615810,卖盘
406,09:50:17,76.97,-0.01,172,1323595,中性盘
407,09:50:20,76.94,-0.03,122,938535,中性盘
408,09:50:23,77.0,0.06,589,4534577,买盘
409,09:50:26,76.94,-0.06,52,400077,卖盘
410,09:50:29,76.94,0.0,34,261603,买盘
411,09:50:32,76.92,-0.02,132,1015359,卖盘
412,09:50:35,76.95,0.03,13,100041,中性盘
413,09:50:39,76.94,-0.01,50,384701,卖盘
414,09:50:41,76.93,-0.01,24,184632,中性盘
415,09:50:44,76.92,-0.01,313,2407625,卖盘
416,09:50:47,76.9,-0.02,276,2122701,卖盘
417,09:50:50,76.89,-0.01,484,3721935,卖盘
418,09:50:54,76.9,0.01,378,2905644,买盘
419,09:50:56,76.87,-0.03,37,284407,卖盘
420,09:50:59,76.86,-0.01,10,76824,中性盘
421,09:51:02,76.85,-0.01,57,437870,中性盘
422,09:51:05,76.82,-0.03,75,576116,中性盘
423,09:51:09,76.8,-0.02,292,2242560,卖盘
424,09:51:11,76.82,0.02,29,222705,买盘
425,09:51:14,76.76,-0.06,466,3577194,卖盘
426,09:51:17,76.75,-0.01,60,460677,卖盘
427,09:51:20,76.74,-0.01,95,729141,卖盘
428,09:51:23,76.74,0.0,40,307066,卖盘
429,09:51:26,76.74,0.0,105,806215,卖盘
430,09:51:29,76.74,0.0,28,214879,卖盘
431,09:51:32,76.74,0.0,41,314656,卖盘
432,09:51:35,76.78,0.04,306,2349503,买盘
433,09:51:37,76.79,0.01,161,1235747,买盘
434,09:51:41,76.75,-0.04,299,2296079,卖盘
435,09:51:44,76.74,-0.01,83,637220,卖盘
436,09:51:47,76.74,0.0,70,537335,卖盘
437,09:51:50,76.77,0.03,24,184231,买盘
438,09:51:53,76.75,-0.02,104,798305,卖盘
439,09:51:56,76.75,0.0,30,230309,卖盘
440,09:51:59,76.75,0.0,33,253308,卖盘
441,09:52:02,76.74,-0.01,275,2110541,卖盘
442,09:52:05,76.74,0.0,96,736695,买盘
443,09:52:09,76.74,0.0,44,337654,买盘
444,09:52:11,76.75,0.01,18,138137,买盘
445,09:52:14,76.74,-0.01,42,322318,卖盘
446,09:52:17,76.75,0.01,266,2041331,买盘
447,09:52:20,76.74,-0.01,100,767759,卖盘
448,09:52:23,76.8,0.06,92,706553,中性盘
449,09:52:26,76.8,0.0,57,437641,中性盘
450,09:52:29,76.75,-0.05,63,483549,卖盘
451,09:52:32,76.75,0.0,181,1389185,买盘
452,09:52:35,76.8,0.05,184,1412678,买盘
453,09:52:38,76.81,0.01,52,399363,买盘
454,09:52:41,76.81,0.0,111,852158,卖盘
455,09:52:44,76.75,-0.06,56,429970,卖盘
456,09:52:47,76.81,0.06,60,460841,买盘
457,09:52:50,76.8,-0.01,17,130576,卖盘
458,09:52:53,76.8,0.0,165,1267274,卖盘
459,09:52:56,76.75,-0.05,68,522112,卖盘
460,09:52:59,76.8,0.05,19,145921,买盘
461,09:53:02,76.8,0.0,25,191985,买盘
462,09:53:05,76.78,-0.02,8,61428,卖盘
463,09:53:08,76.8,0.02,38,291771,买盘
464,09:53:11,76.78,-0.02,63,483561,中性盘
465,09:53:14,76.77,-0.01,58,445287,中性盘
466,09:53:17,76.75,-0.02,158,1212615,卖盘
467,09:53:20,76.75,0.0,37,283975,买盘
468,09:53:24,76.75,0.0,81,621614,买盘
469,09:53:26,76.74,-0.01,20,153495,卖盘
470,09:53:29,76.75,0.01,126,966941,买盘
471,09:53:32,76.76,0.01,101,775129,买盘
472,09:53:35,76.74,-0.02,44,337670,买盘
473,09:53:39,76.74,0.0,89,682943,买盘
474,09:53:41,76.74,0.0,266,2042085,卖盘
475,09:53:44,76.75,0.01,22,168839,中性盘
476,09:53:47,76.74,-0.01,125,959300,卖盘
477,09:53:50,76.75,0.01,53,406724,买盘
478,09:53:53,76.74,-0.01,136,1043484,卖盘
479,09:53:56,76.74,0.0,77,590916,买盘
480,09:53:59,76.74,0.0,105,805593,卖盘
481,09:54:02,76.74,0.0,25,191825,卖盘
482,09:54:05,76.74,0.0,14,107433,买盘
483,09:54:09,76.74,0.0,78,598562,买盘
484,09:54:11,76.75,0.01,105,805751,买盘
485,09:54:14,76.75,0.0,49,376034,买盘
486,09:54:17,76.74,-0.01,50,383755,卖盘
487,09:54:20,76.74,0.0,30,230250,卖盘
488,09:54:23,76.75,0.01,200,1534959,中性盘
489,09:54:26,76.79,0.04,52,399146,买盘
490,09:54:29,76.78,-0.01,16,122823,中性盘
491,09:54:32,76.76,-0.02,37,284016,卖盘
492,09:54:35,76.8,0.04,61,468410,买盘
493,09:54:38,76.79,-0.01,20,153586,卖盘
494,09:54:41,76.8,0.01,10,76797,买盘
495,09:54:44,76.8,0.0,126,967678,买盘
496,09:54:47,76.8,0.0,212,1628018,卖盘
497,09:54:50,76.82,0.02,517,3969641,买盘
498,09:54:54,76.84,0.02,13,99870,买盘
499,09:54:56,76.84,0.0,99,760533,卖盘
500,09:54:59,76.82,-0.02,77,591679,卖盘
501,09:55:02,76.82,0.0,56,430146,卖盘
502,09:55:05,76.83,0.01,6,46094,买盘
503,09:55:09,76.84,0.01,16,122932,买盘
504,09:55:11,76.82,-0.02,16,122934,卖盘
505,09:55:14,76.84,0.02,59,453356,买盘
506,09:55:17,76.83,-0.01,77,591698,卖盘
507,09:55:20,76.82,-0.01,29,222792,卖盘
508,09:55:24,76.85,0.03,46,353402,卖盘
509,09:55:26,76.86,0.01,22,169060,买盘
510,09:55:29,76.82,-0.04,181,1391118,卖盘
511,09:55:32,76.85,0.03,7,53783,买盘
512,09:55:35,76.83,-0.02,17,130637,中性盘
513,09:55:38,76.85,0.02,183,1405836,买盘
514,09:55:41,76.85,0.0,226,1736996,买盘
515,09:55:44,76.86,0.01,28,215200,买盘
516,09:55:47,76.86,0.0,48,368928,卖盘
517,09:55:50,76.86,0.0,78,599537,卖盘
518,09:55:53,76.88,0.02,24,184517,中性盘
519,09:55:56,76.89,0.01,13,99940,买盘
520,09:55:59,76.9,0.01,130,999526,买盘
521,09:56:02,76.89,-0.01,18,138407,卖盘
522,09:56:05,76.9,0.01,25,191545,买盘
523,09:56:09,76.91,0.01,5,38451,买盘
524,09:56:11,76.91,0.0,38,292257,买盘
525,09:56:14,76.9,-0.01,63,484620,卖盘
526,09:56:17,76.94,0.04,17,130792,中性盘
527,09:56:20,76.92,-0.02,10,76934,卖盘
528,09:56:23,76.92,0.0,227,1746637,卖盘
529,09:56:26,76.92,0.0,22,169216,买盘
530,09:56:29,76.92,0.0,299,2301202,买盘
531,09:56:32,76.92,0.0,21,161536,中性盘
532,09:56:35,76.92,0.0,87,669122,卖盘
533,09:56:38,76.91,-0.01,60,461498,卖盘
534,09:56:41,76.9,-0.01,309,2376909,卖盘
535,09:56:44,76.91,0.01,112,861238,买盘
536,09:56:47,76.9,-0.01,17,130728,中性盘
537,09:56:50,76.88,-0.02,32,246038,卖盘
538,09:56:54,76.9,0.02,11,84582,买盘
539,09:56:56,76.87,-0.03,15,115322,卖盘
540,09:56:59,76.9,0.03,210,1614187,买盘
541,09:57:02,76.89,-0.01,74,568891,中性盘
542,09:57:05,76.89,0.0,37,284471,买盘
543,09:57:08,76.89,0.0,38,292187,买盘
544,09:57:11,76.89,0.0,949,7296865,卖盘
545,09:57:14,76.89,0.0,50,384427,买盘
546,09:57:17,76.86,-0.03,121,930361,卖盘
547,09:57:20,76.89,0.03,21,161412,买盘
548,09:57:24,76.88,-0.01,104,799718,卖盘
549,09:57:26,76.88,0.0,72,553419,买盘
550,09:57:29,76.88,0.0,36,276708,买盘
551,09:57:32,76.87,-0.01,27,207554,卖盘
552,09:57:35,76.88,0.01,116,891710,买盘
553,09:57:39,76.85,-0.03,134,1030057,卖盘
554,09:57:41,76.85,0.0,25,192122,买盘
555,09:57:44,76.84,-0.01,141,1083558,卖盘
556,09:57:47,76.84,0.0,55,422538,买盘
557,09:57:50,76.85,0.01,91,699179,买盘
558,09:57:54,76.83,-0.02,53,407189,卖盘
559,09:57:56,76.81,-0.02,17,130583,卖盘
560,09:57:59,76.81,0.0,120,921625,中性盘
561,09:58:02,76.81,0.0,14,107532,买盘
562,09:58:05,76.81,0.0,53,407062,买盘
563,09:58:09,76.8,-0.01,244,1874001,卖盘
564,09:58:11,76.8,0.0,72,552997,买盘
565,09:58:14,76.79,-0.01,42,322554,卖盘
566,09:58:17,76.78,-0.01,25,191966,卖盘
567,09:58:20,76.79,0.01,85,652606,买盘
568,09:58:23,76.78,-0.01,107,821623,卖盘
569,09:58:26,76.78,0.0,27,207306,买盘
570,09:58:29,76.79,0.01,99,760220,买盘
571,09:58:32,76.79,0.0,67,514478,买盘
572,09:58:35,76.81,0.02,101,775552,买盘
573,09:58:39,76.79,-0.02,59,453060,买盘
574,09:58:41,76.79,0.0,50,383971,卖盘
575,09:58:44,76.78,-0.01,58,445328,卖盘
576,09:58:47,76.78,0.0,6,46068,买盘
577,09:58:50,76.78,0.0,18,138202,买盘
578,09:58:53,76.78,0.0,38,291743,买盘
579,09:58:56,76.77,-0.01,37,284077,卖盘
580,09:58:59,76.78,0.01,30,230328,买盘
581,09:59:02,76.77,-0.01,77,591158,卖盘
582,09:59:06,76.77,0.0,70,537387,买盘
583,09:59:09,76.77,0.0,35,268695,买盘
584,09:59:11,76.77,0.0,72,552739,买盘
585,09:59:14,76.77,0.0,59,452922,卖盘
586,09:59:17,76.76,-0.01,189,1450764,卖盘
587,09:59:20,76.76,0.0,38,291688,买盘
588,09:59:23,76.77,0.01,74,568087,买盘
589,09:59:26,76.78,0.01,210,1611921,买盘
590,09:59:29,76.76,-0.02,20,153536,卖盘
591,09:59:32,76.76,0.0,161,1235831,卖盘
592,09:59:35,76.76,0.0,20,153510,买盘
593,09:59:39,76.75,-0.01,125,959589,卖盘
594,09:59:41,76.76,0.01,29,222619,中性盘
595,09:59:44,76.75,-0.01,64,491213,卖盘
596,09:59:47,76.75,0.0,24,184200,买盘
597,09:59:50,76.77,0.02,20,153513,买盘
598,09:59:53,76.75,-0.02,108,828799,买盘
599,09:59:56,76.75,0.0,81,621606,买盘
600,09:59:59,76.74,-0.01,46,353042,卖盘
601,10:00:02,76.76,0.02,46,353045,买盘
602,10:00:05,76.75,-0.01,90,690643,卖盘
603,10:00:09,76.74,-0.01,50,383686,卖盘
604,10:00:11,76.75,0.01,48,368354,买盘
605,10:00:14,76.75,0.0,92,706185,买盘
606,10:00:15,76.75,0.0,44,337679,卖盘
607,10:00:20,76.74,-0.01,23,176521,中性盘
608,10:00:24,76.75,0.01,59,452803,买盘
609,10:00:26,76.75,0.0,161,1235565,买盘
610,10:00:29,76.74,-0.01,23,176502,卖盘
611,10:00:33,76.74,0.0,11,84409,中性盘
612,10:00:35,76.74,0.0,30,230217,买盘
613,10:00:39,76.72,-0.02,56,429684,卖盘
614,10:00:41,76.74,0.02,95,728890,中性盘
615,10:00:44,76.73,-0.01,51,391320,中性盘
616,10:00:47,76.74,0.01,57,437344,买盘
617,10:00:50,76.73,-0.01,35,268585,卖盘
618,10:00:53,76.73,0.0,262,2009971,卖盘
619,10:00:56,76.71,-0.02,109,836345,卖盘
620,10:00:59,76.71,0.0,58,444972,卖盘
621,10:01:02,76.7,-0.01,367,2815087,卖盘
622,10:01:05,76.7,0.0,292,2239858,卖盘
623,10:01:09,76.7,0.0,255,1955870,卖盘
624,10:01:11,76.71,0.01,427,3275314,买盘
625,10:01:14,76.73,0.02,108,828356,买盘
626,10:01:17,76.71,-0.02,62,475599,中性盘
627,10:01:20,76.72,0.01,51,391277,买盘
628,10:01:23,76.72,0.0,88,675172,卖盘
629,10:01:26,76.73,0.01,112,859328,买盘
630,10:01:29,76.73,0.0,240,1841365,卖盘
631,10:01:32,76.73,0.0,47,360634,买盘
632,10:01:35,76.73,0.0,121,928353,卖盘
633,10:01:38,76.74,0.01,105,805633,买盘
634,10:01:41,76.74,0.0,14,107433,买盘
635,10:01:44,76.72,-0.02,101,774966,卖盘
636,10:01:47,76.73,0.01,30,230182,买盘
637,10:01:50,76.71,-0.02,163,1250347,卖盘
638,10:01:53,76.72,0.01,89,682716,买盘
639,10:01:56,76.72,0.0,167,1281052,买盘
640,10:01:59,76.69,-0.03,48,368119,卖盘
641,10:02:02,76.69,0.0,49,375751,买盘
642,10:02:05,76.67,-0.02,85,651732,卖盘
643,10:02:09,76.65,-0.02,198,1517877,卖盘
644,10:02:11,76.69,0.04,147,1127264,买盘
645,10:02:14,76.65,-0.04,153,1172793,卖盘
646,10:02:17,76.68,0.03,26,199327,买盘
647,10:02:20,76.66,-0.02,175,1341518,卖盘
648,10:02:24,76.7,0.04,124,951003,买盘
649,10:02:26,76.66,-0.04,146,1119312,卖盘
650,10:02:29,76.66,0.0,28,214657,卖盘
651,10:02:32,76.66,0.0,39,298974,买盘
652,10:02:35,76.66,0.0,37,283637,买盘
653,10:02:38,76.65,-0.01,163,1249408,卖盘
654,10:02:41,76.65,0.0,29,222285,买盘
655,10:02:44,76.63,-0.02,85,651491,卖盘
656,10:02:47,76.64,0.01,354,2713335,买盘
657,10:02:50,76.61,-0.03,748,5731194,卖盘
658,10:02:53,76.64,0.03,46,352539,卖盘
659,10:02:56,76.67,0.03,580,4446309,买盘
660,10:02:59,76.63,-0.04,106,812476,卖盘
661,10:03:02,76.64,0.01,221,1693782,买盘
662,10:03:05,76.64,0.0,5,38320,买盘
663,10:03:09,76.67,0.03,345,2644685,买盘
664,10:03:11,76.68,0.01,272,2084835,中性盘
665,10:03:14,76.65,-0.03,334,2561852,中性盘
666,10:03:17,76.68,0.03,28,214674,买盘
667,10:03:20,76.65,-0.03,72,552032,卖盘
668,10:03:23,76.65,0.0,141,1080908,卖盘
669,10:03:26,76.66,0.01,37,283667,卖盘
670,10:03:29,76.66,0.0,181,1387439,买盘
671,10:03:32,76.66,0.0,78,597965,买盘
672,10:03:36,76.66,0.0,126,965861,卖盘
673,10:03:38,76.67,0.01,24,184009,中性盘
674,10:03:41,76.68,0.01,36,276005,买盘
675,10:03:44,76.67,-0.01,53,406360,卖盘
676,10:03:47,76.68,0.01,343,2629342,买盘
677,10:03:50,76.64,-0.04,293,2246227,卖盘
678,10:03:53,76.68,0.04,57,437049,买盘
679,10:03:56,76.67,-0.01,11,84332,卖盘
680,10:03:59,76.67,0.0,57,437060,卖盘
681,10:04:02,76.67,0.0,92,705419,卖盘
682,10:04:06,76.68,0.01,38,289389,买盘
683,10:04:08,76.67,-0.01,64,490713,卖盘
684,10:04:11,76.68,0.01,143,1098401,买盘
685,10:04:14,76.67,-0.01,86,659460,买盘
686,10:04:17,76.65,-0.02,210,1609741,卖盘
687,10:04:20,76.65,0.0,33,252945,买盘
688,10:04:24,76.64,-0.01,69,528853,卖盘
689,10:04:26,76.66,0.02,64,490599,买盘
690,10:04:29,76.65,-0.01,261,2000544,卖盘
691,10:04:32,76.65,0.0,66,505880,买盘
692,10:04:35,76.65,0.0,290,2222854,买盘
693,10:04:38,76.65,0.0,105,804842,卖盘
694,10:04:41,76.65,0.0,139,1065408,买盘
695,10:04:44,76.63,-0.02,115,881390,卖盘
696,10:04:47,76.64,0.01,73,559519,买盘
697,10:04:50,76.64,0.0,69,528771,买盘
698,10:04:54,76.64,0.0,535,4100137,买盘
699,10:04:56,76.63,-0.01,62,475117,卖盘
700,10:04:59,76.63,0.0,71,544054,卖盘
701,10:05:02,76.62,-0.01,33,252865,卖盘
702,10:05:06,76.61,-0.01,161,1233520,卖盘
703,10:05:08,76.63,0.02,211,1616857,买盘
704,10:05:11,76.63,0.0,166,1271977,买盘
705,10:05:14,76.61,-0.02,203,1555525,卖盘
706,10:05:17,76.61,0.0,235,1797126,买盘
707,10:05:20,76.62,0.01,12,91940,买盘
708,10:05:24,76.61,-0.01,50,383067,卖盘
709,10:05:26,76.61,0.0,490,3754185,卖盘
710,10:05:29,76.61,0.0,69,528580,买盘
711,10:05:32,76.61,0.0,56,429016,买盘
712,10:05:35,76.6,-0.01,447,3424032,卖盘
713,10:05:38,76.6,0.0,30,232875,买盘
714,10:05:41,76.6,0.0,25,191480,买盘
715,10:05:44,76.6,0.0,81,620458,买盘
716,10:05:47,76.59,-0.01,299,2290342,卖盘
717,10:05:50,76.6,0.01,47,360018,中性盘
718,10:05:54,76.59,-0.01,72,551505,卖盘
719,10:05:56,76.59,0.0,28,214433,买盘
720,10:05:59,76.6,0.01,118,903851,买盘
721,10:06:02,76.6,0.0,309,2366409,买盘
722,10:06:06,76.6,0.0,168,1286798,买盘
723,10:06:09,76.59,-0.01,76,582134,卖盘
724,10:06:11,76.6,0.01,15,114900,中性盘
725,10:06:14,76.6,0.0,31,237470,卖盘
726,10:06:17,76.6,0.0,55,421321,卖盘
727,10:06:20,76.6,0.0,10,76606,卖盘
728,10:06:23,76.61,0.01,50,383029,买盘
729,10:06:26,76.61,0.0,45,344736,卖盘
730,10:06:29,76.62,0.01,30,229822,买盘
731,10:06:32,76.6,-0.02,33,252827,卖盘
732,10:06:35,76.61,0.01,55,421376,卖盘
733,10:06:39,76.61,0.0,56,428983,买盘
734,10:06:42,76.61,0.0,39,298779,买盘
735,10:06:44,76.59,-0.02,207,1585523,卖盘
736,10:06:47,76.59,0.0,42,321678,买盘
737,10:06:50,76.59,0.0,17,130203,买盘
738,10:06:54,76.58,-0.01,43,329324,卖盘
739,10:06:56,76.58,0.0,69,528449,卖盘
740,10:06:59,76.59,0.01,251,1922396,买盘
741,10:07:02,76.59,0.0,116,888475,卖盘
742,10:07:06,76.6,0.01,163,1248479,买盘
743,10:07:09,76.6,0.0,318,2435585,卖盘
744,10:07:12,76.59,-0.01,34,260404,卖盘
745,10:07:14,76.59,0.0,54,413600,卖盘
746,10:07:18,76.59,0.0,298,2282567,卖盘
747,10:07:20,76.59,0.0,155,1187254,卖盘
748,10:07:24,76.59,0.0,45,344654,卖盘
749,10:07:27,76.59,0.0,18,137862,买盘
750,10:07:29,76.59,0.0,65,497809,买盘
751,10:07:32,76.57,-0.02,261,1998598,卖盘
752,10:07:36,76.57,0.0,24,183764,买盘
753,10:07:39,76.59,0.02,344,2634380,买盘
754,10:07:41,76.58,-0.01,69,528294,中性盘
755,10:07:45,76.57,-0.01,28,214400,卖盘
756,10:07:45,76.59,0.02,30,229762,买盘
757,10:07:50,76.57,-0.02,236,1806977,卖盘
758,10:07:54,76.58,0.01,56,428814,卖盘
759,10:07:56,76.59,0.01,115,880648,买盘
760,10:08:00,76.55,-0.04,199,1523374,卖盘
761,10:08:03,76.55,0.0,70,535850,买盘
762,10:08:05,76.55,0.0,249,1905779,买盘
763,10:08:09,76.53,-0.02,66,505114,卖盘
764,10:08:11,76.53,0.0,499,3819133,买盘
765,10:08:15,76.53,0.0,37,283149,买盘
766,10:08:17,76.54,0.01,610,4667075,买盘
767,10:08:21,76.52,-0.02,26,198958,卖盘
768,10:08:24,76.52,0.0,201,1537854,卖盘
769,10:08:26,76.52,0.0,806,6165972,买盘
770,10:08:30,76.53,0.01,161,1231754,买盘
771,10:08:33,76.51,-0.02,102,780446,卖盘
772,10:08:35,76.52,0.01,85,650360,买盘
773,10:08:39,76.51,-0.01,142,1086547,卖盘
774,10:08:42,76.51,0.0,52,397859,卖盘
775,10:08:45,76.52,0.01,161,1231978,买盘
776,10:08:48,76.53,0.01,252,1928319,买盘
777,10:08:51,76.51,-0.02,105,803417,卖盘
778,10:08:54,76.52,0.01,48,367276,买盘
779,10:08:57,76.51,-0.01,745,5699995,卖盘
780,10:09:00,76.5,-0.01,163,1247016,卖盘
781,10:09:03,76.5,0.0,101,772623,买盘
782,10:09:06,76.5,0.0,29,221841,卖盘
783,10:09:08,76.5,0.0,77,588997,买盘
784,10:09:11,76.5,0.0,247,1889587,买盘
785,10:09:15,76.51,0.01,40,306010,买盘
786,10:09:17,76.5,-0.01,59,451353,卖盘
787,10:09:21,76.52,0.02,240,1836358,买盘
788,10:09:24,76.53,0.01,43,329048,买盘
789,10:09:26,76.52,-0.01,171,1308614,卖盘
790,10:09:30,76.53,0.01,30,229585,买盘
791,10:09:33,76.53,0.0,323,2472151,卖盘
792,10:09:36,76.54,0.01,200,1530693,买盘
793,10:09:39,76.51,-0.03,134,1025547,卖盘
794,10:09:41,76.55,0.04,67,512774,买盘
795,10:09:45,76.55,0.0,195,1492384,中性盘
796,10:09:47,76.55,0.0,44,336793,买盘
797,10:09:50,76.56,0.01,21,160778,买盘
798,10:09:54,76.57,0.01,19,145479,买盘
799,10:09:57,76.57,0.0,7,53600,卖盘
800,10:10:00,76.59,0.02,78,597375,买盘
801,10:10:03,76.6,0.01,89,681618,买盘
802,10:10:05,76.6,0.0,154,1179350,买盘
803,10:10:08,76.6,0.0,86,658741,买盘
804,10:10:12,76.6,0.0,194,1486100,买盘
805,10:10:14,76.6,0.0,37,283423,卖盘
806,10:10:15,76.61,0.01,27,206843,买盘
807,10:10:19,76.62,0.01,251,1923547,买盘
808,10:10:23,76.65,0.03,24,178482,买盘
809,10:10:27,76.63,-0.02,137,1049740,卖盘
810,10:10:30,76.61,-0.02,120,924803,卖盘
811,10:10:32,76.61,0.0,25,191522,买盘
812,10:10:36,76.61,0.0,66,500214,买盘
813,10:10:36,76.65,0.04,17,130283,买盘
814,10:10:41,76.66,0.01,57,436686,买盘
815,10:10:45,76.66,0.0,39,298951,买盘
816,10:10:47,76.61,-0.05,57,436859,卖盘
817,10:10:49,76.65,0.04,38,291304,中性盘
818,10:10:54,76.65,0.0,74,567260,卖盘
819,10:10:57,76.65,0.0,13,99625,买盘
820,10:11:00,76.65,0.0,60,459874,买盘
821,10:11:03,76.66,0.01,83,641785,买盘
822,10:11:05,76.66,0.0,32,245316,卖盘
823,10:11:08,76.67,0.01,10,76664,买盘
824,10:11:12,76.67,0.0,62,475332,买盘
825,10:11:14,76.67,0.0,128,981293,卖盘
826,10:11:17,76.66,-0.01,47,360340,卖盘
827,10:11:20,76.67,0.01,119,912364,买盘
828,10:11:24,76.66,-0.01,277,2118226,卖盘
829,10:11:27,76.7,0.04,58,450344,买盘
830,10:11:29,76.66,-0.04,16,122669,卖盘
831,10:11:32,76.7,0.04,28,214684,买盘
832,10:11:36,76.7,0.0,3,23006,买盘
833,10:11:39,76.67,-0.03,174,1334529,卖盘
834,10:11:41,76.69,0.02,34,260729,买盘
835,10:11:44,76.7,0.01,149,1142851,买盘
836,10:11:47,76.7,0.0,186,1426930,卖盘
837,10:11:49,76.68,-0.02,154,1180986,卖盘
838,10:11:53,76.68,0.0,54,414024,买盘
839,10:11:57,76.68,0.0,11,84348,买盘
840,10:12:00,76.68,0.0,53,406403,买盘
841,10:12:02,76.66,-0.02,172,1318622,卖盘
842,10:12:05,76.65,-0.01,76,582613,卖盘
843,10:12:06,76.67,0.02,23,176339,买盘
844,10:12:11,76.67,0.0,13,99664,买盘
845,10:12:14,76.66,-0.01,12,91995,卖盘
846,10:12:18,76.67,0.01,132,1011966,买盘
847,10:12:21,76.65,-0.02,184,1410597,卖盘
848,10:12:24,76.66,0.01,91,697626,卖盘
849,10:12:27,76.65,-0.01,159,1218795,卖盘
850,10:12:30,76.65,0.0,46,352571,买盘
851,10:12:32,76.65,0.0,61,467560,买盘
852,10:12:34,76.62,-0.03,13,99621,卖盘
853,10:12:39,76.61,-0.01,368,2820255,卖盘
854,10:12:40,76.6,-0.01,150,1149192,卖盘
855,10:12:45,76.66,0.06,246,1885667,买盘
856,10:12:48,76.61,-0.05,176,1348238,卖盘
857,10:12:50,76.6,-0.01,297,2272811,卖盘
858,10:12:54,76.58,-0.02,366,2803185,卖盘
859,10:12:57,76.58,0.0,56,428760,买盘
860,10:12:59,76.55,-0.03,186,1424393,卖盘
861,10:13:03,76.55,0.0,163,1248351,卖盘
862,10:13:05,76.55,0.0,48,367440,买盘
863,10:13:08,76.54,-0.01,61,466913,卖盘
864,10:13:11,76.54,0.0,400,3061282,卖盘
865,10:13:15,76.54,0.0,506,3873238,卖盘
866,10:13:17,76.55,0.01,86,658244,买盘
867,10:13:20,76.54,-0.01,40,306170,卖盘
868,10:13:24,76.55,0.01,57,436221,买盘
869,10:13:26,76.55,0.0,66,505225,买盘
870,10:13:29,76.55,0.0,16,122480,卖盘
871,10:13:33,76.55,0.0,31,237293,卖盘
872,10:13:35,76.55,0.0,123,941565,买盘
873,10:13:39,76.54,-0.01,264,2020668,卖盘
874,10:13:41,76.53,-0.01,14,107151,卖盘
875,10:13:44,76.52,-0.01,19,145415,卖盘
876,10:13:48,76.52,0.0,43,329077,卖盘
877,10:13:51,76.55,0.03,34,260238,买盘
878,10:13:53,76.54,-0.01,29,221957,卖盘
879,10:13:57,76.54,0.0,22,168405,卖盘
880,10:13:59,76.55,0.01,73,558741,买盘
881,10:14:03,76.55,0.0,26,199029,买盘
882,10:14:04,76.53,-0.02,156,1194109,卖盘
883,10:14:09,76.54,0.01,32,244908,买盘
884,10:14:12,76.54,0.0,71,543428,买盘
885,10:14:15,76.54,0.0,1,7654,买盘
886,10:14:17,76.53,-0.01,87,665820,卖盘
887,10:14:20,76.53,0.0,124,948929,买盘
888,10:14:23,76.53,0.0,41,313762,买盘
889,10:14:26,76.54,0.01,188,1438607,买盘
890,10:14:30,76.54,0.0,20,153070,买盘
891,10:14:32,76.53,-0.01,27,206635,卖盘
892,10:14:36,76.54,0.01,45,344426,买盘
893,10:14:38,76.54,0.0,38,290854,卖盘
894,10:14:41,76.54,0.0,109,834306,卖盘
895,10:14:43,76.54,0.0,119,910840,卖盘
896,10:14:45,76.55,0.01,86,658304,买盘
897,10:14:49,76.56,0.01,33,252615,买盘
898,10:14:53,76.57,0.01,31,237350,买盘
899,10:14:56,76.56,-0.01,33,252703,卖盘
900,10:14:59,76.6,0.04,39,298657,买盘
901,10:15:02,76.6,0.0,83,635545,买盘
902,10:15:06,76.59,-0.01,4,30632,中性盘
903,10:15:07,76.59,0.0,25,191432,买盘
904,10:15:11,76.58,-0.01,81,620391,卖盘
905,10:15:14,76.58,0.0,239,1829619,买盘
906,10:15:17,76.57,-0.01,36,275683,买盘
907,10:15:20,76.58,0.01,13,99554,买盘
908,10:15:24,76.57,-0.01,6,45942,卖盘
909,10:15:26,76.57,0.0,30,229709,买盘
910,10:15:29,76.57,0.0,20,153140,买盘
911,10:15:32,76.57,0.0,43,329197,买盘
912,10:15:35,76.58,0.01,52,398091,买盘
913,10:15:38,76.57,-0.01,6,45943,卖盘
914,10:15:41,76.57,0.0,173,1324798,卖盘
915,10:15:42,76.58,0.01,40,306296,买盘
916,10:15:47,76.57,-0.01,89,681486,卖盘
917,10:15:50,76.57,0.0,46,352156,买盘
918,10:15:54,76.57,0.0,28,214396,买盘
919,10:15:56,76.55,-0.02,15,114851,卖盘
920,10:16:00,76.55,0.0,86,658354,卖盘
921,10:16:02,76.55,0.0,66,505196,买盘
922,10:16:06,76.55,0.0,46,352121,买盘
923,10:16:09,76.55,0.0,15,114825,买盘
924,10:16:11,76.55,0.0,19,145444,买盘
925,10:16:15,76.56,0.01,89,681296,买盘
926,10:16:18,76.57,0.01,37,283284,买盘
927,10:16:20,76.56,-0.01,47,359856,卖盘
928,10:16:21,76.56,0.0,6,45938,卖盘
929,10:16:27,76.57,0.01,32,245013,买盘
930,10:16:30,76.57,0.0,34,256189,买盘
931,10:16:32,76.57,0.0,16,122512,买盘
932,10:16:34,76.56,-0.01,36,275651,卖盘
933,10:16:38,76.57,0.01,62,474707,买盘
934,10:16:39,76.57,0.0,29,222043,买盘
935,10:16:42,76.57,0.0,58,444093,买盘
936,10:16:45,76.58,0.01,154,1179087,买盘
937,10:16:51,76.57,-0.01,23,176127,卖盘
938,10:16:53,76.57,0.0,69,528398,卖盘
939,10:16:56,76.57,0.0,25,191437,卖盘
940,10:17:00,76.58,0.01,25,191444,买盘
941,10:17:02,76.58,0.0,35,268051,买盘
942,10:17:06,76.6,0.02,42,321720,买盘
943,10:17:09,76.59,-0.01,9,68927,买盘
944,10:17:11,76.6,0.01,47,360006,买盘
945,10:17:14,76.58,-0.02,160,1225523,卖盘
946,10:17:17,76.62,0.04,9,68950,买盘
947,10:17:20,76.58,-0.04,67,513134,卖盘
948,10:17:24,76.58,0.0,20,153160,买盘
949,10:17:26,76.57,-0.01,132,1010852,卖盘
950,10:17:29,76.58,0.01,122,934221,买盘
951,10:17:33,76.57,-0.01,125,957157,卖盘
952,10:17:34,76.57,0.0,62,474734,买盘
953,10:17:38,76.6,0.03,97,742857,买盘
954,10:17:42,76.58,-0.02,31,237370,中性盘
955,10:17:44,76.6,0.02,44,336991,买盘
956,10:17:47,76.59,-0.01,51,390586,中性盘
957,10:17:50,76.58,-0.01,59,451900,卖盘
958,10:17:53,76.6,0.02,9,68950,中性盘
959,10:17:57,76.63,0.03,37,283476,买盘
960,10:17:59,76.61,-0.02,42,321765,卖盘
961,10:18:00,76.61,0.0,26,199220,卖盘
962,10:18:05,76.62,0.01,39,298758,买盘
963,10:18:08,76.62,0.0,27,206875,卖盘
964,10:18:11,76.62,0.0,103,789196,卖盘
965,10:18:12,76.62,0.0,165,1264445,卖盘
966,10:18:17,76.63,0.01,32,245194,卖盘
967,10:18:19,76.63,0.0,62,475085,卖盘
968,10:18:23,76.63,0.0,68,521084,买盘
969,10:18:26,76.62,-0.01,18,137930,中性盘
970,10:18:29,76.62,0.0,113,865791,卖盘
971,10:18:32,76.63,0.01,38,291180,买盘
972,10:18:36,76.63,0.0,517,3960292,买盘
973,10:18:38,76.63,0.0,23,176249,买盘
974,10:18:42,76.64,0.01,38,291191,买盘
975,10:18:44,76.63,-0.01,42,321863,卖盘
976,10:18:45,76.65,0.02,598,4585284,买盘
977,10:18:49,76.63,-0.02,41,314212,卖盘
978,10:18:54,76.63,0.0,31,237583,卖盘
979,10:18:56,76.66,0.03,44,337290,买盘
980,10:18:59,76.65,-0.01,12,91988,中性盘
981,10:19:00,76.65,0.0,15,122109,卖盘
982,10:19:06,76.65,0.0,138,1057906,卖盘
983,10:19:08,76.65,0.0,86,652060,卖盘
984,10:19:12,76.65,0.0,85,658653,买盘
985,10:19:15,76.65,0.0,13,99648,卖盘
986,10:19:18,76.72,0.07,75,575002,买盘
987,10:19:20,76.67,-0.05,50,383468,中性盘
988,10:19:23,76.68,0.01,1,7668,中性盘
989,10:19:26,76.71,0.03,22,168694,买盘
990,10:19:29,76.71,0.0,26,199392,买盘
991,10:19:33,76.71,0.0,24,184074,买盘
992,10:19:35,76.71,0.0,14,107387,卖盘
993,10:19:39,76.69,-0.02,149,1142698,卖盘
994,10:19:42,76.68,-0.01,10,76677,中性盘
995,10:19:45,76.69,0.01,30,230060,买盘
996,10:19:47,76.71,0.02,54,414126,买盘
997,10:19:49,76.7,-0.01,138,1058449,买盘
998,10:19:53,76.69,-0.01,95,728558,卖盘
999,10:19:56,76.69,0.0,12,92027,买盘
1000,10:19:59,76.69,0.0,69,529141,买盘
1001,10:20:03,76.7,0.01,207,1587645,买盘
1002,10:20:06,76.71,0.01,150,1150557,买盘
1003,10:20:08,76.71,0.0,19,145756,卖盘
1004,10:20:12,76.72,0.01,45,345202,买盘
1005,10:20:15,76.72,0.0,235,1795711,买盘
1006,10:20:17,76.72,0.0,21,161113,卖盘
1007,10:20:20,76.72,0.0,87,667523,卖盘
1008,10:20:24,76.72,0.0,65,505953,卖盘
1009,10:20:24,76.72,0.0,3,23016,买盘
1010,10:20:29,76.72,0.0,11,84388,买盘
1011,10:20:30,76.72,0.0,13,99735,买盘
1012,10:20:35,76.72,0.0,56,429596,买盘
1013,10:20:38,76.71,-0.01,85,652034,中性盘
1014,10:20:41,76.7,-0.01,35,268484,中性盘
1015,10:20:45,76.7,0.0,12,92039,买盘
1016,10:20:47,76.68,-0.02,172,1319055,卖盘
1017,10:20:51,76.7,0.02,201,1541637,买盘
1018,10:20:54,76.69,-0.01,38,291424,卖盘
1019,10:20:54,76.67,-0.02,26,199384,卖盘
1020,10:21:00,76.68,0.01,39,299032,卖盘
1021,10:21:02,76.67,-0.01,29,222361,卖盘
1022,10:21:05,76.67,0.0,23,176344,卖盘
1023,10:21:09,76.68,0.01,33,253010,买盘
1024,10:21:09,76.67,-0.01,27,206989,中性盘
1025,10:21:15,76.67,0.0,96,728709,买盘
1026,10:21:18,76.68,0.01,12,92012,买盘
1027,10:21:21,76.63,-0.05,6,45994,卖盘
1028,10:21:24,76.63,0.0,11,84295,卖盘
1029,10:21:27,76.64,0.01,108,827929,中性盘
1030,10:21:30,76.63,-0.01,108,827570,卖盘
1031,10:21:33,76.62,-0.01,9,68965,卖盘
1032,10:21:35,76.63,0.01,336,2575175,买盘
1033,10:21:39,76.62,-0.01,9,68960,中性盘
1034,10:21:39,76.61,-0.01,15,114951,卖盘
1035,10:21:45,76.62,0.01,317,2428339,卖盘
1036,10:21:47,76.61,-0.01,21,160871,买盘
1037,10:21:49,76.68,0.07,320,2454591,买盘
1038,10:21:53,76.69,0.01,108,828156,买盘
1039,10:21:56,76.68,-0.01,10,76680,卖盘
1040,10:21:59,76.69,0.01,30,230062,买盘
1041,10:22:02,76.66,-0.03,131,1004351,卖盘
1042,10:22:06,76.68,0.02,90,690052,买盘
1043,10:22:09,76.69,0.01,19,145694,买盘
1044,10:22:11,76.68,-0.01,9,69012,卖盘
1045,10:22:15,76.7,0.02,490,3757675,买盘
1046,10:22:15,76.7,0.0,12,92036,买盘
1047,10:22:21,76.69,-0.01,61,467857,卖盘
1048,10:22:23,76.68,-0.01,138,1058277,卖盘
1049,10:22:26,76.7,0.02,22,168702,中性盘
1050,10:22:30,76.71,0.01,40,306757,买盘
1051,10:22:32,76.68,-0.03,19,145702,卖盘
1052,10:22:36,76.71,0.03,15,115053,买盘
1053,10:22:38,76.69,-0.02,30,230110,卖盘
1054,10:22:41,76.7,0.01,9,69031,中性盘
1055,10:22:45,76.69,-0.01,10,76699,卖盘
1056,10:22:47,76.71,0.02,35,268445,买盘
1057,10:22:50,76.7,-0.01,6,46020,中性盘
1058,10:22:54,76.69,-0.01,30,230081,卖盘
1059,10:22:56,76.69,0.0,27,207071,中性盘
1060,10:23:00,76.7,0.01,31,237761,买盘
1061,10:23:02,76.69,-0.01,79,605903,卖盘
1062,10:23:05,76.68,-0.01,588,4508806,卖盘
1063,10:23:08,76.68,0.0,52,398749,卖盘
1064,10:23:11,76.68,0.0,22,168702,卖盘
1065,10:23:14,76.69,0.01,17,130358,买盘
1066,10:23:15,76.68,-0.01,6,46004,买盘
1067,10:23:20,76.67,-0.01,22,168695,中性盘
1068,10:23:24,76.67,0.0,26,199323,买盘
1069,10:23:26,76.67,0.0,169,1295560,买盘
1070,10:23:30,76.68,0.01,226,1732666,买盘
1071,10:23:33,76.66,-0.02,168,1288045,卖盘
1072,10:23:36,76.66,0.0,20,153320,卖盘
1073,10:23:38,76.68,0.02,122,935482,买盘
1074,10:23:41,76.68,0.0,39,299007,买盘
1075,10:23:45,76.67,-0.01,7,53671,卖盘
1076,10:23:48,76.67,0.0,7,53673,卖盘
1077,10:23:50,76.67,0.0,10,76670,卖盘
1078,10:23:54,76.67,0.0,39,299003,买盘
1079,10:23:56,76.67,0.0,37,283667,买盘
1080,10:24:00,76.66,-0.01,40,306645,卖盘
1081,10:24:02,76.67,0.01,250,1916531,买盘
1082,10:24:05,76.66,-0.01,15,115000,卖盘
1083,10:24:09,76.66,0.0,6,45996,买盘
1084,10:24:09,76.66,0.0,66,505954,买盘
1085,10:24:14,76.66,0.0,30,229977,买盘
1086,10:24:18,76.64,-0.02,39,298926,卖盘
1087,10:24:21,76.64,0.0,10,76640,买盘
1088,10:24:21,76.64,0.0,6,45984,买盘
1089,10:24:26,76.63,-0.01,83,636043,卖盘
1090,10:24:30,76.63,0.0,123,942604,卖盘
1091,10:24:32,76.65,0.02,29,222257,买盘
1092,10:24:35,76.64,-0.01,208,1594102,卖盘
1093,10:24:38,76.63,-0.01,34,260578,卖盘
1094,10:24:39,76.64,0.01,23,176272,买盘
1095,10:24:42,76.64,0.0,61,467493,卖盘
1096,10:24:47,76.65,0.01,48,367911,买盘
1097,10:24:49,76.64,-0.01,9,68977,卖盘
1098,10:24:54,76.65,0.01,75,574817,买盘
1099,10:24:57,76.65,0.0,23,176279,买盘
1100,10:25:00,76.63,-0.02,77,590178,卖盘
1101,10:25:02,76.64,0.01,56,429227,中性盘
1102,10:25:06,76.66,0.02,46,352569,买盘
1103,10:25:08,76.65,-0.01,72,551879,卖盘
1104,10:25:09,76.65,0.0,25,191619,买盘
1105,10:25:14,76.64,-0.01,3,22994,卖盘
1106,10:25:17,76.64,0.0,8,61313,卖盘
1107,10:25:19,76.65,0.01,88,674515,买盘
1108,10:25:24,76.64,-0.01,113,866079,卖盘
1109,10:25:26,76.64,0.0,6,45984,买盘
1110,10:25:30,76.64,0.0,68,521132,买盘
1111,10:25:32,76.65,0.01,79,605497,买盘
1112,10:25:36,76.65,0.0,3,22997,卖盘
1113,10:25:36,76.65,0.0,40,306611,卖盘
1114,10:25:41,76.65,0.0,82,628585,卖盘
1115,10:25:44,76.65,0.0,34,260623,卖盘
1116,10:25:47,76.66,0.01,65,498266,买盘
1117,10:25:50,76.65,-0.01,19,145639,卖盘
1118,10:25:54,76.66,0.01,29,222307,买盘
1119,10:25:56,76.66,0.0,55,421627,买盘
1120,10:25:59,76.66,0.0,21,160986,买盘
1121,10:26:03,76.67,0.01,119,912251,买盘
1122,10:26:05,76.67,0.0,28,214659,买盘
1123,10:26:09,76.67,0.0,26,199328,买盘
1124,10:26:11,76.66,-0.01,62,475290,卖盘
1125,10:26:12,76.66,0.0,5,38330,买盘
1126,10:26:18,76.66,0.0,50,383300,买盘
1127,10:26:20,76.64,-0.02,132,1011769,卖盘
1128,10:26:24,76.65,0.01,10,76652,买盘
1129,10:26:26,76.66,0.01,19,145638,买盘
1130,10:26:30,76.66,0.0,129,988881,买盘
1131,10:26:32,76.65,-0.01,16,122643,卖盘
1132,10:26:36,76.66,0.01,84,643870,买盘
1133,10:26:39,76.65,-0.01,69,528970,中性盘
1134,10:26:41,76.67,0.02,74,567167,买盘
1135,10:26:44,76.66,-0.01,50,383302,中性盘
1136,10:26:45,76.67,0.01,22,168654,买盘
1137,10:26:50,76.67,0.0,20,153337,买盘
1138,10:26:54,76.65,-0.02,16,122660,卖盘
1139,10:26:56,76.65,0.0,75,574977,卖盘
1140,10:27:00,76.65,0.0,15,114975,买盘
1141,10:27:02,76.65,0.0,175,1341273,买盘
1142,10:27:06,76.65,0.0,12,91976,买盘
1143,10:27:08,76.64,-0.01,8,61312,卖盘
1144,10:27:11,76.65,0.01,20,153299,买盘
1145,10:27:14,76.65,0.0,64,490556,买盘
1146,10:27:18,76.63,-0.02,71,544137,卖盘
1147,10:27:20,76.65,0.02,32,245264,买盘
1148,10:27:23,76.65,0.0,18,137965,买盘
1149,10:27:24,76.65,0.0,97,743498,买盘
1150,10:27:29,76.65,0.0,50,383187,买盘
1151,10:27:33,76.65,0.0,54,413880,买盘
1152,10:27:35,76.64,-0.01,258,1977817,中性盘
1153,10:27:39,76.65,0.01,28,214614,买盘
1154,10:27:39,76.64,-0.01,43,329589,卖盘
1155,10:27:44,76.65,0.01,14,107308,买盘
1156,10:27:47,76.65,0.0,19,145614,买盘
1157,10:27:49,76.65,0.0,66,505883,买盘
1158,10:27:53,76.64,-0.01,44,337239,卖盘
1159,10:27:56,76.64,0.0,26,199286,买盘
1160,10:28:00,76.64,0.0,7,53650,买盘
1161,10:28:02,76.63,-0.01,131,1003896,卖盘
1162,10:28:05,76.65,0.02,14,107308,买盘
1163,10:28:09,76.65,0.0,89,682164,买盘
1164,10:28:11,76.65,0.0,106,812449,买盘
1165,10:28:14,76.64,-0.01,8,61312,卖盘
1166,10:28:17,76.64,0.0,16,122637,买盘
1167,10:28:20,76.65,0.01,23,176264,买盘
1168,10:28:24,76.64,-0.01,210,1609237,中性盘
1169,10:28:24,76.63,-0.01,140,1072986,卖盘
1170,10:28:28,76.63,0.0,65,498095,买盘
1171,10:28:32,76.63,0.0,186,1425149,买盘
1172,10:28:35,76.63,0.0,24,183890,买盘
1173,10:28:39,76.63,0.0,27,206885,买盘
1174,10:28:41,76.62,-0.01,212,1624360,卖盘
1175,10:28:44,76.62,0.0,80,612975,卖盘
1176,10:28:47,76.62,0.0,15,114934,卖盘
1177,10:28:50,76.62,0.0,21,160915,卖盘
1178,10:28:53,76.62,0.0,74,567000,卖盘
1179,10:28:54,76.64,0.02,33,252881,买盘
1180,10:29:00,76.64,0.0,33,252852,买盘
1181,10:29:03,76.61,-0.03,142,1087992,卖盘
1182,10:29:05,76.64,0.03,21,160890,中性盘
1183,10:29:08,76.62,-0.02,43,329557,卖盘
1184,10:29:09,76.64,0.02,11,84292,买盘
1185,10:29:14,76.61,-0.03,27,206861,卖盘
1186,10:29:18,76.61,0.0,143,1095528,卖盘
1187,10:29:20,76.64,0.03,28,214552,买盘
1188,10:29:21,76.61,-0.03,126,965249,卖盘
1189,10:29:26,76.61,0.0,212,1623932,买盘
1190,10:29:29,76.61,0.0,272,2083555,买盘
1191,10:29:32,76.6,-0.01,92,704723,卖盘
1192,10:29:35,76.63,0.03,88,674172,买盘
1193,10:29:38,76.63,0.0,27,206875,买盘
1194,10:29:39,76.61,-0.02,39,298813,卖盘
1195,10:29:42,76.62,0.01,26,199196,中性盘
1196,10:29:48,76.62,0.0,9,68955,买盘
1197,10:29:50,76.61,-0.01,29,222162,卖盘
1198,10:29:53,76.61,0.0,70,536302,买盘
1199,10:29:56,76.62,0.01,293,2244551,买盘
1200,10:30:00,76.62,0.0,5,38307,买盘
1201,10:30:03,76.62,0.0,150,1149035,买盘
1202,10:30:05,76.61,-0.01,383,2933897,中性盘
1203,10:30:09,76.6,-0.01,118,903897,卖盘
1204,10:30:09,76.6,0.0,45,344685,买盘
1205,10:30:15,76.6,0.0,12,91920,买盘
1206,10:30:17,76.59,-0.01,110,842385,中性盘
1207,10:30:20,76.6,0.01,112,857807,买盘
1208,10:30:23,76.58,-0.02,103,788778,卖盘
1209,10:30:26,76.57,-0.01,10,76573,卖盘
1210,10:30:27,76.58,0.01,23,176122,买盘
1211,10:30:33,76.58,0.0,38,290995,买盘
1212,10:30:34,76.59,0.01,27,206761,买盘
1213,10:30:39,76.59,0.0,12,91898,买盘
1214,10:30:39,76.59,0.0,32,245068,买盘
1215,10:30:44,76.57,-0.02,35,268035,卖盘
1216,10:30:47,76.58,0.01,28,214404,买盘
1217,10:30:51,76.57,-0.01,28,214404,卖盘
1218,10:30:53,76.57,0.0,13,99541,买盘
1219,10:30:56,76.57,0.0,39,298596,买盘
1220,10:30:59,76.57,0.0,13,99534,买盘
1221,10:31:02,76.57,0.0,87,666149,买盘
1222,10:31:05,76.57,0.0,98,754534,买盘
1223,10:31:09,76.57,0.0,23,176111,买盘
1224,10:31:09,76.56,-0.01,56,428750,卖盘
1225,10:31:14,76.55,-0.01,639,4891752,卖盘
1226,10:31:17,76.57,0.02,18,137810,买盘
1227,10:31:20,76.58,0.01,21,160817,买盘
1228,10:31:21,76.57,-0.01,13,99542,卖盘
1229,10:31:26,76.57,0.0,97,742737,卖盘
1230,10:31:29,76.57,0.0,21,160796,买盘
1231,10:31:32,76.59,0.02,137,1049077,买盘
1232,10:31:35,76.59,0.0,35,268039,买盘
1233,10:31:38,76.58,-0.01,164,1255914,卖盘
1234,10:31:41,76.58,0.0,41,314008,卖盘
1235,10:31:44,76.58,0.0,20,153174,卖盘
1236,10:31:47,76.58,0.0,22,168492,卖盘
1237,10:31:50,76.58,0.0,6,45948,卖盘
1238,10:31:53,76.6,0.02,291,2228555,买盘
1239,10:31:56,76.58,-0.02,13,99560,卖盘
1240,10:32:00,76.6,0.02,19,145537,买盘
1241,10:32:02,76.59,-0.01,21,160844,卖盘
1242,10:32:06,76.59,0.0,410,3139929,卖盘
1243,10:32:09,76.6,0.01,17,130207,买盘
1244,10:32:11,76.58,-0.02,5,38292,卖盘
1245,10:32:15,76.6,0.02,23,176166,买盘
1246,10:32:17,76.58,-0.02,19,145521,卖盘
1247,10:32:20,76.58,0.0,199,1523995,卖盘
1248,10:32:21,76.58,0.0,6,45948,买盘
1249,10:32:24,76.58,0.0,151,1156209,买盘
1250,10:32:29,76.57,-0.01,187,1431687,中性盘
1251,10:32:32,76.57,0.0,169,1294177,买盘
1252,10:32:36,76.56,-0.01,114,872829,卖盘
1253,10:32:38,76.57,0.01,18,137824,中性盘
1254,10:32:39,76.6,0.03,127,972375,买盘
1255,10:32:45,76.57,-0.03,14,107203,中性盘
1256,10:32:47,76.58,0.01,39,298629,中性盘
1257,10:32:50,76.58,0.0,93,712122,买盘
1258,10:32:51,76.58,0.0,17,130183,买盘
1259,10:32:56,76.57,-0.01,21,160803,卖盘
1260,10:32:59,76.58,0.01,18,137828,买盘
1261,10:33:02,76.58,0.0,67,513071,买盘
1262,10:33:05,76.58,0.0,21,160810,买盘
1263,10:33:08,76.57,-0.01,21,160798,卖盘
1264,10:33:11,76.57,0.0,108,826956,卖盘
1265,10:33:14,76.57,0.0,30,229701,买盘
1266,10:33:18,76.57,0.0,21,160788,买盘
1267,10:33:20,76.57,0.0,30,229703,买盘
1268,10:33:23,76.56,-0.01,25,191401,卖盘
1269,10:33:27,76.57,0.01,24,183768,买盘
1270,10:33:30,76.56,-0.01,8,61249,卖盘
1271,10:33:33,76.56,0.0,53,405797,卖盘
1272,10:33:36,76.57,0.01,52,398118,买盘
1273,10:33:38,76.56,-0.01,54,413457,卖盘
1274,10:33:41,76.56,0.0,22,168442,卖盘
1275,10:33:42,76.56,0.0,28,214370,卖盘
1276,10:33:47,76.57,0.01,30,229682,买盘
1277,10:33:50,76.56,-0.01,20,153132,卖盘
1278,10:33:53,76.56,0.0,7,53592,卖盘
1279,10:33:57,76.58,0.02,30,229689,买盘
1280,10:33:59,76.56,-0.02,86,658426,卖盘
1281,10:34:00,76.56,0.0,47,359832,买盘
1282,10:34:05,76.55,-0.01,21,160766,卖盘
1283,10:34:08,76.56,0.01,13,99527,买盘
1284,10:34:11,76.56,0.0,37,283263,买盘
1285,10:34:15,76.55,-0.01,106,811444,卖盘
1286,10:34:17,76.56,0.01,35,267945,买盘
1287,10:34:20,76.56,0.0,26,199053,买盘
1288,10:34:21,76.55,-0.01,7,53589,卖盘
1289,10:34:26,76.56,0.01,23,176077,买盘
1290,10:34:30,76.55,-0.01,101,773164,卖盘
1291,10:34:32,76.56,0.01,35,267943,买盘
1292,10:34:35,76.55,-0.01,31,237325,卖盘
1293,10:34:38,76.55,0.0,67,508674,卖盘
1294,10:34:39,76.55,0.0,18,137786,买盘
1295,10:34:45,76.54,-0.01,15,114824,卖盘
1296,10:34:48,76.55,0.01,169,1293534,买盘
1297,10:34:50,76.54,-0.01,13,99507,卖盘
1298,10:34:53,76.55,0.01,119,910814,买盘
1299,10:34:54,76.53,-0.02,29,221967,卖盘
1300,10:35:00,76.54,0.01,6,45923,卖盘
1301,10:35:00,76.53,-0.01,15,114798,卖盘
1302,10:35:05,76.53,0.0,85,650536,卖盘
1303,10:35:06,76.54,0.01,90,688776,买盘
1304,10:35:12,76.54,0.0,8,61229,买盘
1305,10:35:15,76.53,-0.01,17,130102,卖盘
1306,10:35:15,76.53,0.0,106,811323,卖盘
1307,10:35:20,76.53,0.0,34,260225,卖盘
1308,10:35:23,76.54,0.01,159,1216846,买盘
1309,10:35:26,76.55,0.01,67,512774,买盘
1310,10:35:29,76.53,-0.02,176,1346932,卖盘
1311,10:35:32,76.52,-0.01,15,114781,卖盘
1312,10:35:36,76.52,0.0,260,1989588,卖盘
1313,10:35:39,76.53,0.01,29,221924,买盘
1314,10:35:41,76.52,-0.01,48,367325,卖盘
1315,10:35:44,76.53,0.01,40,306093,买盘
1316,10:35:47,76.52,-0.01,79,604520,卖盘
1317,10:35:50,76.53,0.01,22,168358,买盘
1318,10:35:51,76.52,-0.01,21,160701,卖盘
1319,10:35:54,76.54,0.02,48,367315,买盘
1320,10:36:00,76.53,-0.01,58,443837,卖盘
1321,10:36:03,76.52,-0.01,32,244868,卖盘
1322,10:36:05,76.53,0.01,44,336704,买盘
1323,10:36:09,76.52,-0.01,16,122434,卖盘
1324,10:36:12,76.53,0.01,22,168367,买盘
1325,10:36:14,76.53,0.0,6,45915,中性盘
1326,10:36:17,76.53,0.0,6,45916,买盘
1327,10:36:20,76.52,-0.01,39,298461,卖盘
1328,10:36:24,76.53,0.01,56,428556,买盘
1329,10:36:26,76.52,-0.01,21,160697,卖盘
1330,10:36:29,76.52,0.0,21,160705,卖盘
1331,10:36:32,76.53,0.01,121,925923,买盘
1332,10:36:35,76.53,0.0,25,191303,买盘
1333,10:36:38,76.52,-0.01,232,1775077,卖盘
1334,10:36:41,76.52,0.0,41,313742,买盘
1335,10:36:42,76.52,0.0,59,451480,卖盘
1336,10:36:47,76.53,0.01,92,704072,买盘
1337,10:36:49,76.53,0.0,25,191330,卖盘
1338,10:36:54,76.53,0.0,6,45918,卖盘
1339,10:36:56,76.54,0.01,125,956691,买盘
1340,10:37:00,76.53,-0.01,19,145417,卖盘
1341,10:37:02,76.53,0.0,21,160714,卖盘
1342,10:37:06,76.53,0.0,107,818870,卖盘
1343,10:37:06,76.52,-0.01,20,153053,卖盘
1344,10:37:11,76.52,0.0,3,22956,卖盘
1345,10:37:14,76.52,0.0,25,191317,卖盘
1346,10:37:17,76.53,0.01,21,160704,买盘
1347,10:37:20,76.53,0.0,35,267828,买盘
1348,10:37:21,76.52,-0.01,4,30609,卖盘
1349,10:37:27,76.53,0.01,69,528039,买盘
1350,10:37:30,76.53,0.0,16,122444,买盘
1351,10:37:32,76.53,0.0,7,53568,买盘
1352,10:37:35,76.52,-0.01,65,497384,卖盘
1353,10:37:38,76.52,0.0,182,1392827,卖盘
1354,10:37:41,76.52,0.0,77,589248,卖盘
1355,10:37:44,76.53,0.01,6,45918,买盘
1356,10:37:47,76.52,-0.01,96,734603,卖盘
1357,10:37:50,76.53,0.01,73,558668,买盘
1358,10:37:53,76.52,-0.01,48,367301,卖盘
1359,10:37:56,76.52,0.0,37,283124,买盘
1360,10:37:58,76.52,0.0,60,459120,买盘
1361,10:38:02,76.52,0.0,104,795814,买盘
1362,10:38:04,76.52,0.0,25,191309,卖盘
1363,10:38:08,76.52,0.0,20,153040,卖盘
1364,10:38:11,76.52,0.0,16,122422,卖盘
1365,10:38:14,76.52,0.0,67,512745,卖盘
1366,10:38:15,76.51,-0.01,16,122433,卖盘
1367,10:38:19,76.52,0.01,18,137736,买盘
1368,10:38:23,76.53,0.01,16,122439,买盘
1369,10:38:26,76.53,0.0,7,53568,买盘
1370,10:38:30,76.53,0.0,82,627530,买盘
1371,10:38:32,76.53,0.0,32,244871,买盘
1372,10:38:35,76.52,-0.01,59,451485,卖盘
1373,10:38:39,76.52,0.0,16,122434,买盘
1374,10:38:41,76.52,0.0,73,558593,卖盘
1375,10:38:44,76.52,0.0,23,175996,买盘
1376,10:38:45,76.51,-0.01,167,1277744,卖盘
1377,10:38:50,76.52,0.01,20,153034,买盘
1378,10:38:53,76.52,0.0,44,336662,买盘
1379,10:38:54,76.52,0.0,15,114771,买盘
1380,10:38:57,76.51,-0.01,25,191287,卖盘
1381,10:39:02,76.52,0.01,12,91815,买盘
1382,10:39:05,76.53,0.01,25,191303,买盘
1383,10:39:08,76.51,-0.02,220,1683250,卖盘
1384,10:39:11,76.52,0.01,18,137743,中性盘
1385,10:39:14,76.52,0.0,25,191284,中性盘
1386,10:39:17,76.51,-0.01,18,137724,卖盘
1387,10:39:19,76.51,0.0,55,420832,卖盘
1388,10:39:21,76.51,0.0,15,114769,卖盘
1389,10:39:24,76.52,0.01,72,550929,买盘
1390,10:39:28,76.51,-0.01,169,1293046,卖盘
1391,10:39:32,76.52,0.01,25,191295,买盘
1392,10:39:35,76.52,0.0,10,76518,买盘
1393,10:39:38,76.51,-0.01,78,596785,卖盘
1394,10:39:41,76.52,0.01,36,275456,买盘
1395,10:39:44,76.52,0.0,28,214239,买盘
1396,10:39:45,76.51,-0.01,6,45908,卖盘
1397,10:39:49,76.52,0.01,18,137722,中性盘
1398,10:39:51,76.53,0.01,14,107140,买盘
1399,10:39:56,76.53,0.0,31,237232,买盘
1400,10:39:59,76.53,0.0,19,145408,卖盘
1401,10:40:00,76.54,0.01,20,153073,买盘
1402,10:40:05,76.53,-0.01,28,214285,卖盘
1403,10:40:08,76.54,0.01,24,183692,买盘
1404,10:40:10,76.54,0.0,23,176043,卖盘
1405,10:40:14,76.54,0.0,53,405668,卖盘
1406,10:40:17,76.54,0.0,16,122456,买盘
1407,10:40:20,76.53,-0.01,71,543379,卖盘
1408,10:40:23,76.53,0.0,6,45919,买盘
1409,10:40:26,76.52,-0.01,67,512718,卖盘
1410,10:40:28,76.53,0.01,19,145407,买盘
1411,10:40:30,76.52,-0.01,19,145392,卖盘
1412,10:40:35,76.54,0.02,12,91844,买盘
1413,10:40:38,76.52,-0.02,61,466775,卖盘
1414,10:40:41,76.53,0.01,22,168353,卖盘
1415,10:40:44,76.53,0.0,59,451538,买盘
1416,10:40:47,76.54,0.01,18,137755,买盘
1417,10:40:50,76.52,-0.02,34,260200,卖盘
1418,10:40:53,76.52,0.0,12,91834,卖盘
1419,10:40:54,76.54,0.02,32,244874,买盘
1420,10:40:59,76.53,-0.01,19,145423,卖盘
1421,10:41:02,76.53,0.0,57,436248,卖盘
1422,10:41:04,76.53,0.0,34,260195,买盘
1423,10:41:08,76.52,-0.01,91,696333,卖盘
1424,10:41:11,76.52,0.0,13,99472,买盘
1425,10:41:14,76.52,0.0,76,581552,买盘
1426,10:41:17,76.51,-0.01,238,1820959,卖盘
1427,10:41:19,76.52,0.01,27,206603,买盘
1428,10:41:23,76.52,0.0,80,612093,买盘
1429,10:41:24,76.52,0.0,69,527936,买盘
1430,10:41:29,76.52,0.0,31,237205,买盘
1431,10:41:32,76.52,0.0,36,275445,买盘
1432,10:41:35,76.51,-0.01,14,107120,卖盘
1433,10:41:38,76.51,0.0,17,130077,卖盘
1434,10:41:40,76.52,0.01,30,229550,买盘
1435,10:41:44,76.52,0.0,240,1836470,买盘
1436,10:41:45,76.52,0.0,273,2088778,买盘
1437,10:41:49,76.51,-0.01,44,336621,买盘
1438,10:41:53,76.51,0.0,28,214228,买盘
1439,10:41:56,76.51,0.0,10,76507,买盘
1440,10:41:59,76.5,-0.01,101,772684,卖盘
1441,10:42:02,76.5,0.0,36,275429,卖盘
1442,10:42:04,76.51,0.01,77,589116,买盘
1443,10:42:08,76.5,-0.01,18,137709,卖盘
1444,10:42:11,76.5,0.0,26,198912,卖盘
1445,10:42:14,76.52,0.02,78,596786,买盘
1446,10:42:17,76.52,0.0,21,160691,买盘
1447,10:42:20,76.52,0.0,51,390288,卖盘
1448,10:42:23,76.51,-0.01,69,527960,卖盘
1449,10:42:26,76.52,0.01,20,153040,中性盘
1450,10:42:29,76.5,-0.02,109,833936,卖盘
1451,10:42:32,76.52,0.02,68,520325,买盘
1452,10:42:35,76.52,0.0,15,114770,买盘
1453,10:42:36,76.52,0.0,214,1637369,买盘
1454,10:42:41,76.52,0.0,3,22956,买盘
1455,10:42:44,76.52,0.0,22,168344,买盘
1456,10:42:45,76.53,0.01,90,688677,买盘
1457,10:42:49,76.54,0.01,13,99492,买盘
1458,10:42:53,76.53,-0.01,5,38266,卖盘
1459,10:42:56,76.53,0.0,23,176027,卖盘
1460,10:42:59,76.54,0.01,18,137771,买盘
1461,10:43:02,76.54,0.0,42,321465,买盘
1462,10:43:05,76.53,-0.01,66,505153,卖盘
1463,10:43:08,76.53,0.0,171,1308748,卖盘
1464,10:43:10,76.54,0.01,9,68894,卖盘
1465,10:43:12,76.55,0.01,19,145418,买盘
1466,10:43:17,76.55,0.0,20,153085,买盘
1467,10:43:20,76.55,0.0,66,505222,买盘
1468,10:43:23,76.54,-0.01,144,1102208,卖盘
1469,10:43:24,76.54,0.0,28,214309,买盘
1470,10:43:29,76.54,0.0,6,45921,买盘
1471,10:43:30,76.54,0.0,80,612364,买盘
1472,10:43:35,76.53,-0.01,56,428578,卖盘
1473,10:43:38,76.55,0.02,38,290822,买盘
1474,10:43:41,76.53,-0.02,350,2678585,卖盘
1475,10:43:42,76.56,0.03,337,2579597,买盘
1476,10:43:47,76.56,0.0,25,191387,买盘
1477,10:43:49,76.56,0.0,33,252619,买盘
1478,10:43:53,76.55,-0.01,20,153112,卖盘
1479,10:43:54,76.55,0.0,74,566537,卖盘
1480,10:43:57,76.55,0.0,9,68900,卖盘
1481,10:44:02,76.57,0.02,45,348732,买盘
1482,10:44:05,76.57,0.0,39,298630,卖盘
1483,10:44:08,76.57,0.0,2,15315,卖盘
1484,10:44:11,76.57,0.0,80,608299,卖盘
1485,10:44:14,76.57,0.0,54,413475,买盘
1486,10:44:17,76.57,0.0,38,290964,买盘
1487,10:44:20,76.57,0.0,4,30628,买盘
1488,10:44:23,76.57,0.0,107,823510,买盘
1489,10:44:26,76.58,0.01,65,497745,买盘
1490,10:44:29,76.58,0.0,13,99554,买盘
1491,10:44:30,76.57,-0.01,84,643193,卖盘
1492,10:44:35,76.58,0.01,79,604974,买盘
1493,10:44:38,76.58,0.0,37,283342,买盘
1494,10:44:41,76.56,-0.02,121,926489,卖盘
1495,10:44:44,76.57,0.01,22,168451,买盘
1496,10:44:47,76.57,0.0,9,68912,买盘
1497,10:44:50,76.57,0.0,131,1003006,买盘
1498,10:44:53,76.57,0.0,14,107197,买盘
1499,10:44:56,76.57,0.0,68,520617,买盘
1500,10:44:57,76.58,0.01,431,3299811,买盘
1501,10:45:02,76.58,0.0,63,482410,买盘
1502,10:45:05,76.57,-0.01,28,214400,卖盘
1503,10:45:06,76.58,0.01,17,130175,买盘
1504,10:45:11,76.57,-0.01,24,183786,卖盘
1505,10:45:14,76.57,0.0,16,122520,卖盘
1506,10:45:17,76.58,0.01,13,99545,买盘
1507,10:45:20,76.57,-0.01,51,390511,卖盘
1508,10:45:23,76.58,0.01,25,191449,买盘
1509,10:45:26,76.58,0.0,45,344578,买盘
1510,10:45:28,76.58,0.0,22,168473,买盘
1511,10:45:32,76.57,-0.01,36,275658,卖盘
1512,10:45:35,76.58,0.01,23,176129,买盘
1513,10:45:38,76.57,-0.01,30,229731,卖盘
1514,10:45:41,76.57,0.0,80,612624,卖盘
1515,10:45:44,76.57,0.0,193,1477811,卖盘
1516,10:45:47,76.57,0.0,39,298617,买盘
1517,10:45:50,76.56,-0.01,36,275647,卖盘
1518,10:45:53,76.57,0.01,34,260323,买盘
1519,10:45:56,76.57,0.0,125,957123,买盘
1520,10:45:59,76.56,-0.01,231,1768565,卖盘
1521,10:46:02,76.57,0.01,28,214388,买盘
1522,10:46:05,76.56,-0.01,27,206716,卖盘
1523,10:46:06,76.56,0.0,49,375161,卖盘
1524,10:46:11,76.57,0.01,48,367510,买盘
1525,10:46:14,76.57,0.0,11,84217,买盘
1526,10:46:17,76.57,0.0,72,551256,买盘
1527,10:46:19,76.56,-0.01,2,15313,卖盘
1528,10:46:21,76.57,0.01,114,872893,买盘
1529,10:46:26,76.57,0.0,77,589592,卖盘
1530,10:46:29,76.56,-0.01,17,130180,卖盘
1531,10:46:32,76.56,0.0,189,1446992,卖盘
1532,10:46:35,76.56,0.0,29,222035,卖盘
1533,10:46:38,76.56,0.0,9,68905,卖盘
1534,10:46:41,76.57,0.01,34,256130,买盘
1535,10:46:44,76.56,-0.01,5,38281,中性盘
1536,10:46:45,76.55,-0.01,9,68903,卖盘
1537,10:46:50,76.56,0.01,25,191391,买盘
1538,10:46:51,76.56,0.0,5,38280,买盘
1539,10:46:54,76.57,0.01,14,107185,买盘
1540,10:46:58,76.56,-0.01,27,206712,中性盘
1541,10:47:00,76.56,0.0,36,275630,卖盘
1542,10:47:05,76.58,0.02,28,214422,买盘
1543,10:47:08,76.58,0.0,22,168453,买盘
1544,10:47:11,76.56,-0.02,12,91880,卖盘
1545,10:47:14,76.58,0.02,26,199091,买盘
1546,10:47:15,76.57,-0.01,13,99532,买盘
1547,10:47:20,76.56,-0.01,58,444043,卖盘
1548,10:47:21,76.56,0.0,92,704333,买盘
1549,10:47:26,76.56,0.0,16,122491,买盘
1550,10:47:29,76.55,-0.01,53,405767,卖盘
1551,10:47:32,76.56,0.01,48,367477,买盘
1552,10:47:35,76.55,-0.01,143,1094674,卖盘
1553,10:47:37,76.55,0.0,53,405715,买盘
1554,10:47:41,76.54,-0.01,192,1469444,卖盘
1555,10:47:42,76.55,0.01,69,528187,买盘
1556,10:47:45,76.55,0.0,17,130133,买盘
1557,10:47:50,76.53,-0.02,86,658205,卖盘
1558,10:47:53,76.53,0.0,8,61231,卖盘
1559,10:47:54,76.55,0.02,32,244918,买盘
1560,10:47:59,76.54,-0.01,37,283191,中性盘
1561,10:48:02,76.54,0.0,12,91853,卖盘
1562,10:48:04,76.53,-0.01,29,221950,卖盘
1563,10:48:08,76.54,0.01,12,91848,买盘
1564,10:48:11,76.53,-0.01,81,619898,卖盘
1565,10:48:14,76.53,0.0,39,298492,卖盘
1566,10:48:17,76.54,0.01,15,114799,买盘
1567,10:48:20,76.54,0.0,24,183687,买盘
1568,10:48:23,76.53,-0.01,10,76539,卖盘
1569,10:48:26,76.54,0.01,50,382661,买盘
1570,10:48:28,76.54,0.0,47,359712,买盘
1571,10:48:32,76.53,-0.01,84,642854,卖盘
1572,10:48:35,76.53,0.0,14,107134,买盘
1573,10:48:38,76.52,-0.01,46,352015,卖盘
1574,10:48:41,76.52,0.0,17,130091,卖盘
1575,10:48:43,76.52,0.0,7,53565,卖盘
1576,10:48:45,76.53,0.01,223,1706403,买盘
1577,10:48:50,76.53,0.0,41,313739,买盘
1578,10:48:53,76.52,-0.01,119,910598,卖盘
1579,10:48:56,76.52,0.0,75,573869,买盘
1580,10:48:59,76.51,-0.01,10,76513,卖盘
1581,10:49:02,76.52,0.01,46,351961,买盘
1582,10:49:05,76.52,0.0,7,53560,买盘
1583,10:49:06,76.52,0.0,33,252514,买盘
1584,10:49:09,76.52,0.0,23,175984,买盘
1585,10:49:14,76.53,0.01,13,99484,买盘
1586,10:49:17,76.52,-0.01,12,91824,卖盘
1587,10:49:20,76.52,0.0,28,214257,卖盘
1588,10:49:23,76.53,0.01,38,290785,买盘
1589,10:49:24,76.52,-0.01,26,198967,卖盘
1590,10:49:28,76.53,0.01,58,443842,买盘
1591,10:49:32,76.53,0.0,34,260205,卖盘
1592,10:49:35,76.54,0.01,22,168377,买盘
1593,10:49:38,76.55,0.01,198,1515597,买盘
1594,10:49:41,76.53,-0.02,105,803593,卖盘
1595,10:49:44,76.53,0.0,7,53571,买盘
1596,10:49:47,76.53,0.0,80,612240,买盘
1597,10:49:50,76.52,-0.01,61,466786,卖盘
1598,10:49:51,76.52,0.0,5,38266,卖盘
1599,10:49:56,76.53,0.01,15,114785,买盘
1600,10:49:59,76.55,0.02,12,91860,买盘
1601,10:50:04,76.53,-0.02,19,145415,卖盘
1602,10:50:08,76.55,0.02,10,76536,买盘
1603,10:50:11,76.53,-0.02,11,84199,卖盘
1604,10:50:12,76.53,0.0,5,38267,卖盘
1605,10:50:17,76.53,0.0,7,53571,卖盘
1606,10:50:19,76.54,0.01,17,130111,买盘
1607,10:50:23,76.54,0.0,2,15308,买盘
1608,10:50:26,76.53,-0.01,149,1140338,卖盘
1609,10:50:27,76.53,0.0,15,114795,买盘
1610,10:50:32,76.53,0.0,30,229578,买盘
1611,10:50:34,76.53,0.0,14,107142,买盘
1612,10:50:38,76.54,0.01,27,206608,买盘
1613,10:50:41,76.53,-0.01,35,267868,卖盘
1614,10:50:42,76.53,0.0,31,237243,卖盘
1615,10:50:47,76.53,0.0,2,15306,买盘
1616,10:50:50,76.53,0.0,38,290820,卖盘
1617,10:50:53,76.55,0.02,47,359721,买盘
1618,10:50:56,76.53,-0.02,18,137764,卖盘
1619,10:50:59,76.54,0.01,3,22960,中性盘
1620,10:51:00,76.56,0.02,85,650691,买盘
1621,10:51:04,76.53,-0.03,62,474533,卖盘
1622,10:51:06,76.53,0.0,8,61230,卖盘
1623,10:51:11,76.54,0.01,2,15307,买盘
1624,10:51:12,76.53,-0.01,128,979590,卖盘
1625,10:51:17,76.53,0.0,60,459171,买盘
1626,10:51:19,76.56,0.03,5,38271,买盘
1627,10:51:23,76.52,-0.04,19,145398,卖盘
1628,10:51:26,76.56,0.04,23,176028,买盘
1629,10:51:29,76.53,-0.03,22,168381,中性盘
1630,10:51:32,76.53,0.0,46,352041,卖盘
1631,10:51:34,76.53,0.0,53,405618,卖盘
1632,10:51:36,76.56,0.03,13,99525,买盘
1633,10:51:41,76.53,-0.03,16,122460,卖盘
1634,10:51:42,76.53,0.0,13,99511,卖盘
1635,10:51:47,76.56,0.03,20,153064,买盘
1636,10:51:50,76.53,-0.03,55,420955,卖盘
1637,10:51:51,76.54,0.01,5,38267,买盘
1638,10:51:56,76.53,-0.01,25,191339,卖盘
1639,10:51:57,76.56,0.03,23,176061,买盘
1640,10:52:02,76.53,-0.03,59,451525,卖盘
1641,10:52:04,76.53,0.0,13,99489,买盘
1642,10:52:08,76.54,0.01,104,795945,买盘
1643,10:52:09,76.56,0.02,35,267922,买盘
1644,10:52:14,76.54,-0.02,2,15310,卖盘
1645,10:52:17,76.53,-0.01,35,267901,卖盘
1646,10:52:20,76.54,0.01,14,107156,中性盘
1647,10:52:23,76.53,-0.01,33,252573,卖盘
1648,10:52:24,76.55,0.02,16,122463,买盘
1649,10:52:29,76.56,0.01,10,76544,买盘
1650,10:52:30,76.56,0.0,25,191373,买盘
1651,10:52:35,76.56,0.0,72,551216,买盘
1652,10:52:38,76.56,0.0,68,520592,买盘
1653,10:52:39,76.56,0.0,126,964557,买盘
1654,10:52:44,76.57,0.01,100,765644,买盘
1655,10:52:47,76.55,-0.02,17,130146,卖盘
1656,10:52:50,76.56,0.01,35,267960,买盘
1657,10:52:51,76.55,-0.01,12,91865,卖盘
1658,10:52:56,76.56,0.01,34,260292,买盘
1659,10:52:59,76.55,-0.01,17,130140,卖盘
1660,10:53:02,76.56,0.01,28,214349,买盘
1661,10:53:05,76.56,0.0,27,206696,买盘
1662,10:53:06,76.56,0.0,32,244964,买盘
1663,10:53:11,76.55,-0.01,4,30623,卖盘
1664,10:53:12,76.56,0.01,34,260282,买盘
1665,10:53:17,76.56,0.0,91,696675,买盘
1666,10:53:20,76.55,-0.01,67,512921,卖盘
1667,10:53:21,76.55,0.0,17,130141,买盘
1668,10:53:26,76.56,0.01,34,260301,买盘
1669,10:53:29,76.56,0.0,7,53592,买盘
1670,10:53:32,76.56,0.0,17,130144,买盘
1671,10:53:34,76.55,-0.01,56,428681,卖盘
1672,10:53:36,76.55,0.0,53,405686,买盘
1673,10:53:39,76.55,0.0,28,214329,买盘
1674,10:53:44,76.55,0.0,9,68894,买盘
1675,10:53:47,76.55,0.0,8,61235,买盘
1676,10:53:50,76.55,0.0,36,275580,买盘
1677,10:53:51,76.55,0.0,13,99511,买盘
1678,10:53:56,76.54,-0.01,81,620027,卖盘
1679,10:53:59,76.55,0.01,17,130127,买盘
1680,10:54:00,76.55,0.0,79,604738,买盘
1681,10:54:05,76.55,0.0,78,597088,买盘
1682,10:54:06,76.56,0.01,17,130145,买盘
1683,10:54:11,76.56,0.0,18,137807,买盘
1684,10:54:14,76.56,0.0,26,199031,买盘
1685,10:54:15,76.55,-0.01,20,153100,卖盘
1686,10:54:19,76.56,0.01,118,903400,买盘
1687,10:54:21,76.56,0.0,256,1959805,卖盘
1688,10:54:26,76.55,-0.01,22,168426,卖盘
1689,10:54:29,76.57,0.02,16,122504,买盘
1690,10:54:30,76.57,0.0,128,979981,买盘
1691,10:54:35,76.57,0.0,112,857443,买盘
1692,10:54:38,76.56,-0.01,36,275647,中性盘
1693,10:54:41,76.56,0.0,74,566600,卖盘
1694,10:54:43,76.58,0.02,494,3787165,买盘
1695,10:54:47,76.6,0.02,33,252766,买盘
1696,10:54:49,76.59,-0.01,2,15318,卖盘
1697,10:54:53,76.59,0.0,19,145530,卖盘
1698,10:54:56,76.59,0.0,48,367665,卖盘
1699,10:54:59,76.59,0.0,77,589744,卖盘
1700,10:55:02,76.63,0.04,231,1769560,买盘
1701,10:55:05,76.59,-0.04,63,482537,卖盘
1702,10:55:06,76.58,-0.01,101,769260,卖盘
1703,10:55:10,76.59,0.01,156,1198848,买盘
1704,10:55:14,76.6,0.01,3,22980,买盘
1705,10:55:17,76.65,0.05,33,252792,买盘
1706,10:55:19,76.6,-0.05,25,191502,卖盘
1707,10:55:21,76.6,0.0,60,459596,买盘
1708,10:55:26,76.6,0.0,18,137879,买盘
1709,10:55:28,76.6,0.0,64,490238,买盘
1710,10:55:32,76.65,0.05,53,405987,买盘
1711,10:55:35,76.6,-0.05,11,84274,卖盘
1712,10:55:38,76.65,0.05,11,84265,买盘
1713,10:55:41,76.64,-0.01,27,206941,中性盘
1714,10:55:44,76.65,0.01,38,291248,买盘
1715,10:55:47,76.64,-0.01,53,406222,卖盘
1716,10:55:50,76.65,0.01,38,291258,买盘
1717,10:55:53,76.65,0.0,14,107312,买盘
1718,10:55:54,76.65,0.0,167,1279943,卖盘
1719,10:55:59,76.66,0.01,186,1425857,买盘
1720,10:56:02,76.67,0.01,84,643956,买盘
1721,10:56:04,76.66,-0.01,38,291341,卖盘
1722,10:56:08,76.68,0.02,87,667111,买盘
1723,10:56:11,76.68,0.0,47,360384,卖盘
1724,10:56:12,76.68,0.0,45,345096,中性盘
1725,10:56:17,76.69,0.01,27,207043,买盘
1726,10:56:20,76.68,-0.01,64,490862,卖盘
1727,10:56:23,76.68,0.0,36,276088,卖盘
1728,10:56:26,76.7,0.02,35,268442,买盘
1729,10:56:27,76.71,0.01,2,15341,买盘
1730,10:56:32,76.7,-0.01,21,161078,卖盘
1731,10:56:35,76.72,0.02,49,375927,买盘
1732,10:56:36,76.72,0.0,58,445431,买盘
1733,10:56:41,76.72,0.0,5,38364,买盘
1734,10:56:44,76.72,0.0,44,337101,卖盘
1735,10:56:47,76.72,0.0,38,291536,买盘
1736,10:56:50,76.73,0.01,76,583536,买盘
1737,10:56:53,76.73,0.0,26,199492,买盘
1738,10:56:54,76.74,0.01,34,260887,买盘
1739,10:56:59,76.75,0.01,39,294835,买盘
1740,10:57:02,76.76,0.01,148,1135952,买盘
1741,10:57:05,76.75,-0.01,79,606536,卖盘
1742,10:57:08,76.79,0.04,19,145872,买盘
1743,10:57:10,76.79,0.0,41,314839,买盘
1744,10:57:14,76.8,0.01,70,537573,买盘
1745,10:57:17,76.79,-0.01,29,222703,卖盘
1746,10:57:19,76.81,0.02,265,2035120,买盘
1747,10:57:23,76.84,0.03,44,338026,买盘
1748,10:57:26,76.83,-0.01,64,491750,卖盘
1749,10:57:29,76.85,0.02,380,2919585,买盘
1750,10:57:30,76.88,0.03,146,1122171,买盘
1751,10:57:35,76.85,-0.03,117,899356,卖盘
1752,10:57:38,76.88,0.03,122,937940,中性盘
1753,10:57:40,76.89,0.01,308,2368177,买盘
1754,10:57:44,76.9,0.01,189,1453312,买盘
1755,10:57:45,76.91,0.01,132,1015074,买盘
1756,10:57:50,76.91,0.0,41,315338,卖盘
1757,10:57:53,76.93,0.02,109,838392,买盘
1758,10:57:54,76.92,-0.01,17,130755,中性盘
1759,10:57:57,76.9,-0.02,268,2061051,卖盘
1760,10:58:02,76.89,-0.01,157,1207342,卖盘
1761,10:58:05,76.91,0.02,196,1507448,买盘
1762,10:58:08,76.9,-0.01,254,1953477,卖盘
1763,10:58:11,76.9,0.0,46,353755,买盘
1764,10:58:14,76.9,0.0,70,538251,买盘
1765,10:58:17,76.85,-0.05,226,1736988,卖盘
1766,10:58:20,76.83,-0.02,350,2689352,卖盘
1767,10:58:23,76.82,-0.01,854,6560506,卖盘
1768,10:58:26,76.73,-0.09,108,829143,卖盘
1769,10:58:29,76.72,-0.01,64,491352,卖盘
1770,10:58:31,76.77,0.05,86,660109,中性盘
1771,10:58:35,76.69,-0.08,92,705646,卖盘
1772,10:58:37,76.73,0.04,186,1426843,买盘
1773,10:58:41,76.61,-0.12,335,2568166,卖盘
1774,10:58:44,76.69,0.08,87,666629,买盘
1775,10:58:46,76.62,-0.07,134,1026773,中性盘
1776,10:58:50,76.63,0.01,125,958127,买盘
1777,10:58:53,76.69,0.06,96,736006,中性盘
1778,10:58:56,76.58,-0.11,228,1747688,卖盘
1779,10:58:59,76.62,0.04,25,191617,买盘
1780,10:59:02,76.67,0.05,331,2539282,买盘
1781,10:59:05,76.72,0.05,158,1210695,买盘
1782,10:59:07,76.71,-0.01,66,506289,中性盘
1783,10:59:11,76.72,0.01,40,306095,买盘
1784,10:59:14,76.72,0.0,20,153406,卖盘
1785,10:59:17,76.75,0.03,31,237903,买盘
1786,10:59:19,76.72,-0.03,41,313244,买盘
1787,10:59:23,76.77,0.05,6,46062,买盘
1788,10:59:26,76.77,0.0,4,30708,卖盘
1789,10:59:29,76.77,0.0,31,244925,卖盘
1790,10:59:30,76.8,0.03,26,199657,买盘
1791,10:59:35,76.78,-0.02,5,38390,卖盘
1792,10:59:38,76.8,0.02,82,629704,买盘
1793,10:59:40,76.8,0.0,53,407028,买盘
1794,10:59:44,76.8,0.0,15,115202,卖盘
1795,10:59:47,76.78,-0.02,24,184293,卖盘
1796,10:59:50,76.77,-0.01,81,621862,卖盘
1797,10:59:53,76.77,0.0,88,675576,买盘
1798,10:59:56,76.77,0.0,739,5665755,买盘
1799,10:59:59,76.77,0.0,77,590356,买盘
1800,11:00:02,76.75,-0.02,60,460555,中性盘
1801,11:00:04,76.75,0.0,32,245556,买盘
1802,11:00:08,76.74,-0.01,68,521894,中性盘
1803,11:00:11,76.68,-0.06,35,268542,中性盘
1804,11:00:13,76.73,0.05,10,76723,中性盘
1805,11:00:17,76.68,-0.05,38,291402,卖盘
1806,11:00:19,76.73,0.05,28,214746,买盘
1807,11:00:23,76.75,0.02,60,454558,买盘
1808,11:00:25,76.73,-0.02,27,207126,买盘
1809,11:00:29,76.74,0.01,11,84875,卖盘
1810,11:00:31,76.73,-0.01,48,368353,卖盘
1811,11:00:35,76.75,0.02,27,207187,买盘
1812,11:00:38,76.74,-0.01,174,1335104,中性盘
1813,11:00:41,76.74,0.0,35,267359,买盘
1814,11:00:44,76.73,-0.01,27,207188,卖盘
1815,11:00:47,76.75,0.02,37,283916,买盘
1816,11:00:50,76.75,0.0,54,414787,买盘
1817,11:00:53,76.76,0.01,50,383800,买盘
1818,11:00:56,76.75,-0.01,40,307012,卖盘
1819,11:00:58,76.76,0.01,18,138157,中性盘
1820,11:01:01,76.77,0.01,143,1101647,买盘
1821,11:01:05,76.76,-0.01,54,414518,卖盘
1822,11:01:08,76.75,-0.01,41,310971,买盘
1823,11:01:10,76.77,0.02,11,84426,买盘
1824,11:01:14,76.75,-0.02,2,15351,中性盘
1825,11:01:16,76.77,0.02,1,7677,买盘
1826,11:01:19,76.76,-0.01,16,122818,卖盘
1827,11:01:23,76.77,0.01,65,499067,买盘
1828,11:01:26,76.75,-0.02,14,107457,卖盘
1829,11:01:29,76.75,0.0,30,230249,买盘
1830,11:01:31,76.75,0.0,126,967043,买盘
1831,11:01:35,76.76,0.01,13,99780,买盘
1832,11:01:38,76.77,0.01,41,320114,买盘
1833,11:01:41,76.76,-0.01,15,115151,卖盘
1834,11:01:44,76.77,0.01,26,199594,买盘
1835,11:01:46,76.77,0.0,5,38382,买盘
1836,11:01:50,76.76,-0.01,29,220767,卖盘
1837,11:01:53,76.78,0.02,711,5458176,买盘
1838,11:01:56,76.77,-0.01,44,337788,卖盘
1839,11:01:59,76.76,-0.01,36,276317,买盘
1840,11:02:02,76.77,0.01,39,299004,买盘
1841,11:02:05,76.76,-0.01,74,568076,卖盘
1842,11:02:08,76.76,0.0,59,452876,买盘
1843,11:02:11,76.75,-0.01,77,591392,卖盘
1844,11:02:14,76.74,-0.01,89,683038,卖盘
1845,11:02:17,76.71,-0.03,126,965614,卖盘
1846,11:02:20,76.68,-0.03,37,283791,卖盘
1847,11:02:22,76.7,0.02,119,912651,买盘
1848,11:02:25,76.67,-0.03,20,153357,卖盘
1849,11:02:28,76.67,0.0,96,736291,卖盘
1850,11:02:32,76.67,0.0,8,61335,买盘
1851,11:02:35,76.66,-0.01,65,498442,卖盘
1852,11:02:38,76.66,0.0,70,536670,卖盘
1853,11:02:41,76.69,0.03,28,214716,买盘
1854,11:02:44,76.69,0.0,36,276082,买盘
1855,11:02:47,76.7,0.01,20,153393,买盘
1856,11:02:49,76.7,0.0,30,230075,买盘
1857,11:02:53,76.7,0.0,56,432574,买盘
1858,11:02:56,76.7,0.0,15,115050,卖盘
1859,11:02:58,76.69,-0.01,73,556787,卖盘
1860,11:03:01,76.7,0.01,15,115048,买盘
1861,11:03:05,76.71,0.01,167,1283960,买盘
1862,11:03:08,76.71,0.0,44,337512,买盘
1863,11:03:11,76.7,-0.01,21,161077,中性盘
1864,11:03:14,76.71,0.01,14,107395,买盘
1865,11:03:17,76.71,0.0,11,84401,卖盘
1866,11:03:20,76.73,0.02,50,384473,买盘
1867,11:03:23,76.73,0.0,10,76727,买盘
1868,11:03:26,76.71,-0.02,28,214830,卖盘
1869,11:03:29,76.74,0.03,16,122747,买盘
1870,11:03:32,76.72,-0.02,18,138120,中性盘
1871,11:03:35,76.75,0.03,22,168746,买盘
1872,11:03:38,76.73,-0.02,73,560141,卖盘
1873,11:03:41,76.75,0.02,45,345375,买盘
1874,11:03:44,76.75,0.0,66,506546,卖盘
1875,11:03:46,76.75,0.0,26,199548,买盘
1876,11:03:50,76.73,-0.02,14,107427,卖盘
1877,11:03:53,76.75,0.02,69,529544,买盘
1878,11:03:56,76.73,-0.02,56,429768,卖盘
1879,11:03:59,76.73,0.0,22,168810,买盘
1880,11:04:01,76.72,-0.01,12,92074,卖盘
1881,11:04:05,76.74,0.02,50,383726,中性盘
1882,11:04:08,76.76,0.02,21,161178,买盘
1883,11:04:11,76.73,-0.03,46,352948,卖盘
1884,11:04:14,76.75,0.02,10,76732,买盘
1885,11:04:17,76.75,0.0,36,276290,买盘
1886,11:04:19,76.75,0.0,3,23026,卖盘
1887,11:04:23,76.76,0.01,34,260971,买盘
1888,11:04:26,76.75,-0.01,37,283996,卖盘
1889,11:04:28,76.77,0.02,15,115149,买盘
1890,11:04:32,76.76,-0.01,23,176547,卖盘
1891,11:04:35,76.76,0.0,52,399123,买盘
1892,11:04:38,76.76,0.0,17,130491,买盘
1893,11:04:41,76.75,-0.01,81,621673,卖盘
1894,11:04:44,76.76,0.01,122,936453,买盘
1895,11:04:47,76.74,-0.02,6,46053,卖盘
1896,11:04:49,76.74,0.0,67,514167,卖盘
1897,11:04:53,76.74,0.0,27,207198,买盘
1898,11:04:55,76.74,0.0,8,61392,买盘
1899,11:04:59,76.72,-0.02,37,283898,卖盘
1900,11:05:02,76.74,0.02,54,414370,买盘
1901,11:05:04,76.74,0.0,163,1250825,买盘
1902,11:05:08,76.74,0.0,1,7674,卖盘
1903,11:05:10,76.75,0.01,10,76743,中性盘
1904,11:05:14,76.76,0.01,80,613993,买盘
1905,11:05:17,76.74,-0.02,63,483464,卖盘
1906,11:05:20,76.73,-0.01,13,99752,中性盘
1907,11:05:22,76.73,0.0,54,414282,买盘
1908,11:05:26,76.73,0.0,66,506471,买盘
1909,11:05:28,76.73,0.0,6,46036,买盘
1910,11:05:32,76.73,0.0,34,260820,卖盘
1911,11:05:35,76.71,-0.02,189,1449918,卖盘
1912,11:05:37,76.7,-0.01,253,1939670,卖盘
1913,11:05:41,76.69,-0.01,193,1480145,卖盘
1914,11:05:43,76.7,0.01,371,2845483,买盘
1915,11:05:47,76.7,0.0,226,1733425,买盘
1916,11:05:49,76.69,-0.01,10,76697,中性盘
1917,11:05:53,76.69,0.0,118,904958,买盘
1918,11:05:56,76.71,0.02,107,820698,买盘
1919,11:05:58,76.7,-0.01,213,1633718,卖盘
1920,11:06:02,76.69,-0.01,15,115035,卖盘
1921,11:06:05,76.68,-0.01,262,2009165,卖盘
1922,11:06:07,76.71,0.03,21,161067,买盘
1923,11:06:11,76.7,-0.01,13,99713,卖盘
1924,11:06:14,76.71,0.01,22,168751,买盘
1925,11:06:16,76.7,-0.01,59,452566,卖盘
1926,11:06:20,76.72,0.02,10,76711,买盘
1927,11:06:23,76.72,0.0,27,207103,买盘
1928,11:06:25,76.7,-0.02,23,176438,卖盘
1929,11:06:29,76.72,0.02,24,184126,买盘
1930,11:06:32,76.72,0.0,26,199489,卖盘
1931,11:06:35,76.72,0.0,80,613837,卖盘
1932,11:06:38,76.72,0.0,19,145769,卖盘
1933,11:06:41,76.73,0.01,28,214831,买盘
1934,11:06:44,76.73,0.0,98,751926,买盘
1935,11:06:47,76.76,0.03,84,644693,买盘
1936,11:06:50,76.76,0.0,16,122804,买盘
1937,11:06:52,76.76,0.0,253,1941851,买盘
1938,11:06:56,76.77,0.01,204,1565908,买盘
1939,11:06:59,76.76,-0.01,11,84437,卖盘
1940,11:07:01,76.77,0.01,17,130495,买盘
1941,11:07:05,76.77,0.0,49,376184,买盘
1942,11:07:08,76.77,0.0,12,92121,买盘
1943,11:07:11,76.76,-0.01,27,207264,卖盘
1944,11:07:13,76.78,0.02,164,1255340,买盘
1945,11:07:17,76.78,0.0,14,107504,卖盘
1946,11:07:19,76.8,0.02,9,69111,买盘
1947,11:07:23,76.8,0.0,18,138233,买盘
1948,11:07:26,76.79,-0.01,31,238072,中性盘
1949,11:07:28,76.8,0.01,17,130549,买盘
1950,11:07:32,76.8,0.0,17,130560,买盘
1951,11:07:35,76.78,-0.02,152,1170905,卖盘
1952,11:07:37,76.79,0.01,115,883189,买盘
1953,11:07:41,76.77,-0.02,79,606520,卖盘
1954,11:07:44,76.77,0.0,56,429912,买盘
1955,11:07:46,76.77,0.0,20,153540,买盘
1956,11:07:50,76.77,0.0,18,138184,买盘
1957,11:07:53,76.76,-0.01,33,253332,卖盘
1958,11:07:55,76.76,0.0,62,472124,卖盘
1959,11:07:59,76.78,0.02,15,115166,买盘
1960,11:08:01,76.77,-0.01,3,23031,中性盘
1961,11:08:05,76.8,0.03,20,153577,买盘
1962,11:08:08,76.78,-0.02,16,126999,中性盘
1963,11:08:11,76.8,0.02,10,76800,买盘
1964,11:08:14,76.8,0.0,50,383986,买盘
1965,11:08:17,76.78,-0.02,97,744908,卖盘
1966,11:08:20,76.8,0.02,33,253434,买盘
1967,11:08:22,76.8,0.0,2,15360,买盘
1968,11:08:26,76.78,-0.02,29,222662,卖盘
1969,11:08:29,76.78,0.0,18,138202,买盘
1970,11:08:32,76.78,0.0,7,53746,买盘
1971,11:08:35,76.78,0.0,86,660282,买盘
1972,11:08:38,76.78,0.0,177,1358874,买盘
1973,11:08:41,76.78,0.0,98,752296,买盘
1974,11:08:44,76.75,-0.03,33,253329,卖盘
1975,11:08:47,76.77,0.02,7,53739,买盘
1976,11:08:50,76.75,-0.02,28,214909,卖盘
1977,11:08:52,76.75,0.0,16,122812,卖盘
1978,11:08:56,76.75,0.0,8,61400,买盘
1979,11:09:02,76.74,-0.01,53,406722,卖盘
1980,11:09:05,76.75,0.01,38,291630,买盘
1981,11:09:08,76.72,-0.03,25,191814,卖盘
1982,11:09:11,76.71,-0.01,17,130413,卖盘
1983,11:09:14,76.7,-0.01,44,337481,卖盘
1984,11:09:17,76.7,0.0,19,145716,买盘
1985,11:09:21,76.68,-0.02,280,2147050,卖盘
1986,11:09:23,76.68,0.0,183,1403266,卖盘
1987,11:09:26,76.67,-0.01,32,245347,卖盘
1988,11:09:28,76.67,0.0,19,145685,卖盘
1989,11:09:32,76.66,-0.01,98,751289,卖盘
1990,11:09:35,76.65,-0.01,10,76652,卖盘
1991,11:09:38,76.65,0.0,24,183948,卖盘
1992,11:09:41,76.62,-0.03,40,306533,卖盘
1993,11:09:44,76.64,0.02,3,22990,买盘
1994,11:09:47,76.62,-0.02,59,452060,中性盘
1995,11:09:50,76.62,0.0,77,590006,卖盘
1996,11:09:53,76.62,0.0,342,2620408,卖盘
1997,11:09:56,76.62,0.0,121,927221,卖盘
1998,11:09:58,76.62,0.0,22,168571,卖盘
1999,11:10:01,76.61,-0.01,201,1539943,卖盘
2000,11:10:04,76.6,-0.01,194,1486052,卖盘
2001,11:10:08,76.59,-0.01,24,183822,卖盘
2002,11:10:11,76.58,-0.01,235,1799639,卖盘
2003,11:10:14,76.57,-0.01,122,934163,卖盘
2004,11:10:17,76.56,-0.01,87,666076,卖盘
2005,11:10:19,76.55,-0.01,358,2740501,卖盘
2006,11:10:23,76.54,-0.01,132,1010364,卖盘
2007,11:10:25,76.53,-0.01,10,76534,卖盘
2008,11:10:29,76.53,0.0,90,688774,卖盘
2009,11:10:31,76.52,-0.01,11,84180,卖盘
2010,11:10:35,76.53,0.01,180,1377394,买盘
2011,11:10:38,76.53,0.0,59,451523,买盘
2012,11:10:41,76.53,0.0,21,160713,卖盘
2013,11:10:43,76.54,0.01,95,727046,买盘
2014,11:10:46,76.56,0.02,357,2732946,买盘
2015,11:10:50,76.57,0.01,10,76570,买盘
2016,11:10:52,76.58,0.01,12,91891,买盘
2017,11:10:55,76.57,-0.01,43,329248,卖盘
2018,11:10:59,76.57,0.0,2,15314,卖盘
2019,11:11:02,76.58,0.01,7,53606,卖盘
2020,11:11:05,76.6,0.02,2,15320,买盘
2021,11:11:08,76.61,0.01,16,122561,买盘
2022,11:11:11,76.61,0.0,38,291073,买盘
2023,11:11:14,76.58,-0.03,105,804093,卖盘
2024,11:11:17,76.58,0.0,7,53606,买盘
2025,11:11:19,76.61,0.03,54,413589,买盘
2026,11:11:23,76.62,0.01,24,183868,买盘
2027,11:11:25,76.62,0.0,7,53631,买盘
2028,11:11:29,76.62,0.0,34,260600,卖盘
2029,11:11:32,76.62,0.0,8,61299,卖盘
2030,11:11:34,76.62,0.0,176,1348509,卖盘
2031,11:11:38,76.62,0.0,7,53634,买盘
2032,11:11:40,76.61,-0.01,50,383064,卖盘
2033,11:11:44,76.64,0.03,20,153246,买盘
2034,11:11:48,76.62,-0.02,18,137918,卖盘
2035,11:11:50,76.64,0.02,14,107284,买盘
2036,11:11:53,76.62,-0.02,6,45984,卖盘
2037,11:11:56,76.64,0.02,5,38318,买盘
2038,11:11:58,76.64,0.0,6,45984,卖盘
2039,11:12:01,76.63,-0.01,42,321918,卖盘
2040,11:12:05,76.65,0.02,12,91976,买盘
2041,11:12:07,76.67,0.02,207,1586225,买盘
2042,11:12:10,76.65,-0.02,33,252928,买盘
2043,11:12:13,76.65,0.0,33,252947,卖盘
2044,11:12:17,76.65,0.0,54,413900,买盘
2045,11:12:19,76.67,0.02,14,107321,买盘
2046,11:12:24,76.62,-0.05,98,750941,卖盘
2047,11:12:26,76.61,-0.01,113,865713,卖盘
2048,11:12:28,76.6,-0.01,53,405983,卖盘
2049,11:12:31,76.57,-0.03,70,536133,卖盘
2050,11:12:35,76.55,-0.02,63,482343,卖盘
2051,11:12:39,76.54,-0.01,82,627670,卖盘
2052,11:12:41,76.53,-0.01,166,1270402,卖盘
2053,11:12:44,76.52,-0.01,210,1606951,卖盘
2054,11:12:46,76.52,0.0,576,4407022,买盘
2055,11:12:51,76.5,-0.02,216,1652616,卖盘
2056,11:12:53,76.5,0.0,1991,15231178,卖盘
2057,11:12:56,76.45,-0.05,969,7410072,卖盘
2058,11:12:58,76.42,-0.03,191,1459693,卖盘
2059,11:13:02,76.4,-0.02,874,6677707,卖盘
2060,11:13:05,76.39,-0.01,88,672186,卖盘
2061,11:13:08,76.37,-0.02,140,1069272,卖盘
2062,11:13:10,76.36,-0.01,55,420035,卖盘
2063,11:13:14,76.36,0.0,93,710117,卖盘
2064,11:13:17,76.35,-0.01,162,1236820,卖盘
2065,11:13:19,76.34,-0.01,38,290109,卖盘
2066,11:13:23,76.34,0.0,126,961693,买盘
2067,11:13:25,76.33,-0.01,67,511454,中性盘
2068,11:13:29,76.34,0.01,44,335852,买盘
2069,11:13:32,76.38,0.04,70,534511,买盘
2070,11:13:35,76.33,-0.05,85,648897,卖盘
2071,11:13:37,76.39,0.06,256,1955033,买盘
2072,11:13:41,76.34,-0.05,131,1000272,卖盘
2073,11:13:44,76.34,0.0,22,168015,卖盘
2074,11:13:46,76.39,0.05,18,137520,卖盘
2075,11:13:51,76.39,0.0,23,175652,买盘
2076,11:13:53,76.39,0.0,61,465972,买盘
2077,11:13:56,76.35,-0.04,197,1504162,卖盘
2078,11:13:59,76.4,0.05,106,809596,买盘
2079,11:14:02,76.42,0.02,6,45842,买盘
2080,11:14:05,76.42,0.0,8,61122,买盘
2081,11:14:08,76.5,0.08,4,30574,中性盘
2082,11:14:10,76.42,-0.08,5,38218,中性盘
2083,11:14:14,76.42,0.0,28,214075,卖盘
2084,11:14:17,76.41,-0.01,12,91694,中性盘
2085,11:14:20,76.4,-0.01,123,939726,卖盘
2086,11:14:22,76.39,-0.01,66,504239,卖盘
2087,11:14:26,76.4,0.01,187,1428605,买盘
2088,11:14:30,76.4,0.0,82,626459,买盘
2089,11:14:33,76.4,0.0,69,527123,买盘
2090,11:14:36,76.4,0.0,238,1818299,买盘
2091,11:14:38,76.41,0.01,203,1550863,买盘
2092,11:14:42,76.42,0.01,115,878728,买盘
2093,11:14:44,76.45,0.03,209,1596839,买盘
2094,11:14:47,76.42,-0.03,24,183425,卖盘
2095,11:14:49,76.45,0.03,24,183480,买盘
2096,11:14:53,76.45,0.0,15,114675,买盘
2097,11:14:55,76.45,0.0,50,382148,买盘
2098,11:14:59,76.42,-0.03,69,527324,卖盘
2099,11:15:01,76.42,0.0,58,443236,卖盘
2100,11:15:05,76.42,0.0,28,213976,买盘
2101,11:15:07,76.42,0.0,14,106992,买盘
2102,11:15:11,76.44,0.02,21,160508,买盘
2103,11:15:18,76.42,-0.02,5,38210,卖盘
2104,11:15:20,76.43,0.01,45,343924,买盘
2105,11:15:22,76.43,0.0,20,152860,卖盘
2106,11:15:26,76.44,0.01,123,940026,买盘
2107,11:15:28,76.43,-0.01,91,695608,卖盘
2108,11:15:32,76.43,0.0,40,305720,买盘
2109,11:15:34,76.43,0.0,4,30572,买盘
2110,11:15:39,76.43,0.0,35,267491,买盘
2111,11:15:40,76.45,0.02,89,680241,买盘
2112,11:15:44,76.45,0.0,34,259909,买盘
2113,11:15:46,76.44,-0.01,24,183457,卖盘
2114,11:15:49,76.45,0.01,46,351669,买盘
2115,11:15:52,76.45,0.0,149,1139045,买盘
2116,11:15:56,76.45,0.0,7,53515,买盘
2117,11:15:59,76.45,0.0,19,145254,买盘
2118,11:16:02,76.5,0.05,475,3631207,买盘
2119,11:16:05,76.43,-0.07,32,244589,卖盘
2120,11:16:08,76.43,0.0,14,107002,买盘
2121,11:16:11,76.45,0.02,42,321049,买盘
2122,11:16:15,76.45,0.0,49,374609,卖盘
2123,11:16:16,76.43,-0.02,50,382184,卖盘
2124,11:16:20,76.45,0.02,50,382209,买盘
2125,11:16:22,76.43,-0.02,25,191093,卖盘
2126,11:16:26,76.43,0.0,116,886603,卖盘
2127,11:16:28,76.44,0.01,9,68795,买盘
2128,11:16:32,76.44,0.0,28,214032,买盘
2129,11:16:34,76.43,-0.01,44,336294,卖盘
2130,11:16:39,76.45,0.02,83,634413,买盘
2131,11:16:41,76.43,-0.02,12,91721,卖盘
2132,11:16:43,76.45,0.02,115,878854,买盘
2133,11:16:46,76.44,-0.01,66,504552,卖盘
2134,11:16:50,76.44,0.0,24,183463,卖盘
2135,11:16:53,76.45,0.01,12,91739,买盘
2136,11:16:58,76.45,0.0,73,557965,买盘
2137,11:17:01,76.44,-0.01,86,657444,卖盘
2138,11:17:05,76.44,0.0,17,129949,卖盘
2139,11:17:08,76.44,0.0,19,145232,买盘
2140,11:17:10,76.44,0.0,37,282790,买盘
2141,11:17:13,76.43,-0.01,34,259848,买盘
2142,11:17:18,76.42,-0.01,27,206340,卖盘
2143,11:17:20,76.43,0.01,21,160520,中性盘
2144,11:17:23,76.42,-0.01,10,76428,卖盘
2145,11:17:25,76.42,0.0,11,84073,卖盘
2146,11:17:29,76.42,0.0,32,244548,卖盘
2147,11:17:32,76.44,0.02,18,137585,买盘
2148,11:17:36,76.43,-0.01,19,145217,卖盘
2149,11:17:37,76.43,0.0,125,955484,卖盘
2150,11:17:41,76.43,0.0,10,76433,卖盘
2151,11:17:44,76.44,0.01,20,152892,卖盘
2152,11:17:47,76.45,0.01,11,84090,买盘
2153,11:17:50,76.44,-0.01,76,580971,卖盘
2154,11:17:53,76.44,0.0,59,450996,买盘
2155,11:17:56,76.44,0.0,55,420404,买盘
2156,11:17:58,76.43,-0.01,91,695547,卖盘
2157,11:18:03,76.44,0.01,15,114659,买盘
2158,11:18:04,76.45,0.01,92,703286,买盘
2159,11:18:08,76.45,0.0,7,53519,卖盘
2160,11:18:10,76.45,0.0,15,114675,卖盘
2161,11:18:14,76.48,0.03,36,275199,买盘
2162,11:18:18,76.5,0.02,11,84115,买盘
2163,11:18:20,76.44,-0.06,5,38236,卖盘
2164,11:18:26,76.49,0.05,6,45893,买盘
2165,11:18:29,76.49,0.0,87,665484,买盘
2166,11:18:32,76.49,0.0,12,91790,卖盘
2167,11:18:34,76.49,0.0,19,145333,卖盘
2168,11:18:38,76.49,0.0,32,244768,卖盘
2169,11:18:41,76.48,-0.01,181,1384468,卖盘
2170,11:18:43,76.49,0.01,29,221820,买盘
2171,11:18:46,76.48,-0.01,35,267692,卖盘
2172,11:18:50,76.49,0.01,52,397748,买盘
2173,11:18:53,76.48,-0.01,4,30592,卖盘
2174,11:18:56,76.49,0.01,155,1185558,买盘
2175,11:18:59,76.48,-0.01,24,183560,卖盘
2176,11:19:03,76.48,0.0,16,122368,买盘
2177,11:19:05,76.48,0.0,11,84128,买盘
2178,11:19:08,76.48,0.0,51,390045,买盘
2179,11:19:11,76.46,-0.02,222,1697919,卖盘
2180,11:19:14,76.49,0.03,4,30596,买盘
2181,11:19:16,76.49,0.0,10,76487,买盘
2182,11:19:20,76.49,0.0,55,420692,买盘
2183,11:19:22,76.48,-0.01,15,114733,卖盘
2184,11:19:26,76.48,0.0,152,1162462,卖盘
2185,11:19:28,76.49,0.01,61,466534,买盘
2186,11:19:32,76.49,0.0,27,206523,买盘
2187,11:19:35,76.48,-0.01,17,130034,卖盘
2188,11:19:39,76.49,0.01,2,15297,中性盘
2189,11:19:40,76.5,0.01,10,76496,买盘
2190,11:19:43,76.5,0.0,12,91798,买盘
2191,11:19:47,76.48,-0.02,4,30594,卖盘
2192,11:19:51,76.49,0.01,11,84142,买盘
2193,11:19:54,76.5,0.01,21,160615,买盘
2194,11:19:55,76.5,0.0,12,91800,买盘
2195,11:19:59,76.5,0.0,21,160648,买盘
2196,11:20:02,76.5,0.0,53,405504,买盘
2197,11:20:04,76.55,0.05,24,183709,买盘
2198,11:20:07,76.54,-0.01,4,30617,卖盘
2199,11:20:10,76.54,0.0,7,53578,卖盘
2200,11:20:15,76.54,0.0,56,428624,买盘
2201,11:20:16,76.54,0.0,11,84194,买盘
2202,11:20:20,76.54,0.0,4,30616,买盘
2203,11:20:23,76.54,0.0,106,811303,买盘
2204,11:20:27,76.54,0.0,15,114810,买盘
2205,11:20:29,76.55,0.01,102,780772,买盘
2206,11:20:32,76.52,-0.03,23,176036,卖盘
2207,11:20:35,76.57,0.05,41,313898,买盘
2208,11:20:38,76.56,-0.01,2,15313,卖盘
2209,11:20:42,76.57,0.01,2,15314,买盘
2210,11:20:43,76.58,0.01,4,30629,买盘
2211,11:20:47,76.57,-0.01,2,15315,卖盘
2212,11:20:49,76.59,0.02,41,313987,买盘
2213,11:20:53,76.57,-0.02,5,38292,卖盘
2214,11:20:55,76.57,0.0,15,114855,卖盘
2215,11:20:58,76.57,0.0,51,390519,卖盘
2216,11:21:02,76.57,0.0,16,122512,买盘
2217,11:21:04,76.56,-0.01,21,160783,卖盘
2218,11:21:07,76.57,0.01,23,176111,买盘
2219,11:21:10,76.57,0.0,3,22969,买盘
2220,11:21:15,76.56,-0.01,20,153137,卖盘
2221,11:21:18,76.57,0.01,146,1117922,买盘
2222,11:21:20,76.56,-0.01,29,222055,卖盘
2223,11:21:24,76.6,0.04,8,61280,买盘
2224,11:21:26,76.59,-0.01,46,352337,卖盘
2225,11:21:29,76.6,0.01,20,153200,买盘
2226,11:21:32,76.59,-0.01,51,390700,卖盘
2227,11:21:34,76.61,0.02,2,15321,中性盘
2228,11:21:37,76.63,0.02,30,229862,买盘
2229,11:21:41,76.62,-0.01,25,191551,卖盘
2230,11:21:45,76.6,-0.02,39,298818,卖盘
2231,11:21:47,76.59,-0.01,31,237459,卖盘
2232,11:21:49,76.6,0.01,7,53620,买盘
2233,11:21:55,76.6,0.0,13,99580,买盘
2234,11:21:58,76.59,-0.01,33,252759,卖盘
2235,11:22:02,76.59,0.0,11,84257,卖盘
2236,11:22:04,76.6,0.01,8,61274,买盘
2237,11:22:08,76.6,0.0,32,245093,买盘
2238,11:22:12,76.59,-0.01,12,91903,中性盘
2239,11:22:14,76.58,-0.01,19,145523,卖盘
2240,11:22:18,76.59,0.01,7,53612,中性盘
2241,11:22:20,76.57,-0.02,48,367552,卖盘
2242,11:22:24,76.58,0.01,5,38290,买盘
2243,11:22:27,76.59,0.01,21,158152,买盘
2244,11:22:28,76.6,0.01,1,7660,买盘
2245,11:22:32,76.59,-0.01,38,293731,卖盘
2246,11:22:34,76.58,-0.01,3,22975,卖盘
2247,11:22:39,76.58,0.0,16,122529,中性盘
2248,11:22:40,76.59,0.01,18,137858,买盘
2249,11:22:45,76.56,-0.03,30,229718,卖盘
2250,11:22:48,76.59,0.03,24,183809,买盘
2251,11:22:51,76.59,0.0,4,30636,买盘
2252,11:22:54,76.58,-0.01,11,84246,中性盘
2253,11:22:55,76.57,-0.01,6,45942,卖盘
2254,11:23:00,76.58,0.01,14,107211,买盘
2255,11:23:03,76.57,-0.01,6,45945,卖盘
2256,11:23:06,76.57,0.0,27,206747,卖盘
2257,11:23:09,76.58,0.01,11,84231,卖盘
2258,11:23:12,76.58,0.0,8,61264,卖盘
2259,11:23:15,76.59,0.01,12,91908,买盘
2260,11:23:16,76.58,-0.01,18,137845,卖盘
2261,11:23:21,76.57,-0.01,68,520689,卖盘
2262,11:23:24,76.57,0.0,90,689130,买盘
2263,11:23:27,76.58,0.01,162,1240511,买盘
2264,11:23:29,76.59,0.01,74,566703,买盘
2265,11:23:31,76.58,-0.01,19,145510,卖盘
2266,11:23:36,76.6,0.02,5,38300,买盘
2267,11:23:39,76.59,-0.01,14,107237,中性盘
2268,11:23:42,76.59,0.0,6,45954,卖盘
2269,11:23:45,76.6,0.01,70,536200,买盘
2270,11:23:48,76.62,0.02,11,84274,买盘
2271,11:23:51,76.62,0.0,14,107280,卖盘
2272,11:23:54,76.64,0.02,106,812406,买盘
2273,11:23:57,76.63,-0.01,6,45981,中性盘
2274,11:24:00,76.67,0.04,13,99645,买盘
2275,11:24:03,76.58,-0.09,70,536192,卖盘
2276,11:24:06,76.58,0.0,13,99557,卖盘
2277,11:24:09,76.58,0.0,304,2328169,卖盘
2278,11:24:12,76.6,0.02,15,114933,中性盘
2279,11:24:14,76.58,-0.02,17,130208,卖盘
2280,11:24:18,76.65,0.07,7,53655,买盘
2281,11:24:19,76.64,-0.01,24,183871,买盘
2282,11:24:27,76.64,0.0,40,306470,买盘
2283,11:24:30,76.58,-0.06,253,1937506,卖盘
2284,11:24:31,76.62,0.04,30,229813,买盘
2285,11:24:36,76.62,0.0,70,536340,买盘
2286,11:24:39,76.62,0.0,6,45972,卖盘
2287,11:24:40,76.64,0.02,2,15326,买盘
2288,11:24:45,76.65,0.01,12,91979,买盘
2289,11:24:46,76.62,-0.03,44,337128,卖盘
2290,11:24:49,76.6,-0.02,8,61282,卖盘
2291,11:24:52,76.6,0.0,47,360068,卖盘
2292,11:24:57,76.59,-0.01,2,15318,卖盘
2293,11:24:58,76.59,0.0,1,7659,卖盘
2294,11:25:03,76.6,0.01,127,972798,买盘
2295,11:25:06,76.59,-0.01,13,99567,中性盘
2296,11:25:07,76.58,-0.01,9,68922,卖盘
2297,11:25:10,76.58,0.0,41,314013,卖盘
2298,11:25:15,76.59,0.01,21,160822,中性盘
2299,11:25:18,76.6,0.01,11,84259,买盘
2300,11:25:19,76.6,0.0,26,199124,买盘
2301,11:25:24,76.6,0.0,12,91904,买盘
2302,11:25:25,76.62,0.02,135,1034136,买盘
2303,11:25:29,76.62,0.0,54,413752,买盘
2304,11:25:33,76.64,0.02,14,107280,买盘
2305,11:25:36,76.62,-0.02,6,45974,卖盘
2306,11:25:37,76.66,0.04,14,107316,买盘
2307,11:25:42,76.62,-0.04,15,114930,卖盘
2308,11:25:45,76.6,-0.02,80,612800,卖盘
2309,11:25:48,76.6,0.0,38,291140,卖盘
2310,11:25:51,76.6,0.0,23,176180,买盘
2311,11:25:54,76.62,0.02,250,1915454,买盘
2312,11:25:55,76.62,0.0,32,245184,买盘
2313,11:26:00,76.66,0.04,6,45984,买盘
2314,11:26:01,76.68,0.02,23,176334,买盘
2315,11:26:04,76.68,0.0,20,153304,买盘
2316,11:26:09,76.69,0.01,236,1810015,买盘
2317,11:26:12,76.7,0.01,8,61359,中性盘
2318,11:26:15,76.71,0.01,60,460300,卖盘
2319,11:26:18,76.73,0.02,15,115093,买盘
2320,11:26:21,76.74,0.01,43,329959,买盘
2321,11:26:24,76.74,0.0,26,199546,买盘
2322,11:26:27,76.75,0.01,146,1120525,买盘
2323,11:26:28,76.74,-0.01,198,1519505,卖盘
2324,11:26:33,76.75,0.01,118,905547,买盘
2325,11:26:36,76.76,0.01,3,23028,买盘
2326,11:26:39,76.78,0.02,128,982679,买盘
2327,11:26:42,76.77,-0.01,161,1236212,卖盘
2328,11:26:45,76.8,0.03,23,176629,买盘
2329,11:26:48,76.8,0.0,384,2949119,买盘
2330,11:26:49,76.8,0.0,27,207373,卖盘
2331,11:26:54,76.79,-0.01,78,599037,卖盘
2332,11:26:57,76.8,0.01,24,184332,买盘
2333,11:27:00,76.8,0.0,33,253465,卖盘
2334,11:27:03,76.8,0.0,28,215036,买盘
2335,11:27:06,76.79,-0.01,75,575997,卖盘
2336,11:27:09,76.79,0.0,83,637358,买盘
2337,11:27:12,76.79,0.0,34,261087,卖盘
2338,11:27:14,76.79,0.0,38,291804,卖盘
2339,11:27:18,76.79,0.0,71,545200,买盘
2340,11:27:19,76.78,-0.01,13,99822,卖盘
2341,11:27:24,76.77,-0.01,210,1612332,卖盘
2342,11:27:25,76.74,-0.03,140,1074635,卖盘
2343,11:27:30,76.71,-0.03,29,222536,卖盘
2344,11:27:34,76.68,-0.03,21,161052,卖盘
2345,11:27:36,76.69,0.01,13,99695,买盘
2346,11:27:39,76.66,-0.03,94,720607,卖盘
2347,11:27:42,76.62,-0.04,120,919740,卖盘
2348,11:27:44,76.66,0.04,62,475245,买盘
2349,11:27:46,76.66,0.0,21,160976,卖盘
2350,11:27:51,76.65,-0.01,16,122637,买盘
2351,11:27:54,76.62,-0.03,39,298772,中性盘
2352,11:27:57,76.65,0.03,11,84280,买盘
2353,11:28:00,76.65,0.0,15,114969,买盘
2354,11:28:02,76.63,-0.02,12,91984,卖盘
2355,11:28:06,76.62,-0.01,15,114950,卖盘
2356,11:28:09,76.62,0.0,3,22989,卖盘
2357,11:28:12,76.61,-0.01,30,229849,卖盘
2358,11:28:15,76.61,0.0,100,766430,卖盘
2359,11:28:18,76.62,0.01,51,390719,中性盘
2360,11:28:19,76.62,0.0,9,68997,中性盘
2361,11:28:23,76.65,0.03,43,329647,中性盘
2362,11:28:25,76.65,0.0,3,22998,卖盘
2363,11:28:30,76.68,0.03,59,452179,买盘
2364,11:28:36,76.7,0.02,62,475455,买盘
2365,11:28:39,76.62,-0.08,63,483136,卖盘
2366,11:28:42,76.61,-0.01,86,659098,卖盘
2367,11:28:44,76.67,0.06,9,69024,中性盘
2368,11:28:48,76.61,-0.06,126,965388,卖盘
2369,11:28:49,76.67,0.06,46,352445,买盘
2370,11:28:54,76.68,0.01,1,7668,买盘
2371,11:28:57,76.68,0.0,9,69012,买盘
2372,11:29:00,76.7,0.02,7,53676,买盘
2373,11:29:02,76.62,-0.08,29,222233,卖盘
2374,11:29:06,76.7,0.08,4,30680,买盘
2375,11:29:09,76.69,-0.01,16,122704,中性盘
2376,11:29:10,76.76,0.07,670,5141187,买盘
2377,11:29:15,76.76,0.0,27,207252,买盘
2378,11:29:16,76.75,-0.01,1,7675,买盘
2379,11:29:21,76.75,0.0,11,84434,中性盘
2380,11:29:24,76.75,0.0,17,130325,中性盘
2381,11:29:29,76.76,0.01,90,690802,买盘
2382,11:29:33,76.74,-0.02,7,53718,买盘
2383,11:29:36,76.75,0.01,13,99732,买盘
2384,11:29:39,76.7,-0.05,41,314474,卖盘
2385,11:29:42,76.7,0.0,12,92047,买盘
2386,11:29:45,76.7,0.0,8,61375,卖盘
2387,11:29:48,76.73,0.03,24,184111,买盘
2388,11:29:51,76.67,-0.06,62,475390,卖盘
2389,11:29:54,76.67,0.0,30,230010,买盘
2390,11:29:57,76.67,0.0,2,15334,买盘
2391,11:29:59,76.67,0.0,8,61336,买盘
2392,13:00:02,76.68,0.01,1080,8280895,买盘
2393,13:00:06,76.7,0.02,256,1964309,买盘
2394,13:00:09,76.75,0.05,176,1350647,买盘
2395,13:00:12,76.76,0.01,235,1803749,买盘
2396,13:00:15,76.79,0.03,160,1228542,买盘
2397,13:00:16,76.8,0.01,261,2004493,买盘
2398,13:00:19,76.8,0.0,196,1505581,卖盘
2399,13:00:24,76.84,0.04,251,1928364,买盘
2400,13:00:25,76.84,0.0,98,753080,卖盘
2401,13:00:30,76.84,0.0,246,1890500,卖盘
2402,13:00:32,76.85,0.01,162,1244784,卖盘
2403,13:00:36,76.84,-0.01,16,122944,中性盘
2404,13:00:39,76.78,-0.06,10,76822,卖盘
2405,13:00:41,76.75,-0.03,110,844597,卖盘
2406,13:00:44,76.79,0.04,13,99825,买盘
2407,13:00:47,76.77,-0.02,13,99795,中性盘
2408,13:00:49,76.77,0.0,12,92075,买盘
2409,13:00:54,76.76,-0.01,123,943998,中性盘
2410,13:00:55,76.76,0.0,1,7676,买盘
2411,13:01:00,76.72,-0.04,75,575494,卖盘
2412,13:01:03,76.72,0.0,50,383613,买盘
2413,13:01:06,76.74,0.02,81,621514,中性盘
2414,13:01:09,76.75,0.01,36,276275,买盘
2415,13:01:12,76.75,0.0,19,145837,卖盘
2416,13:01:15,76.76,0.01,36,276330,买盘
2417,13:01:18,76.77,0.01,35,268695,买盘
2418,13:01:19,76.77,0.0,78,598779,中性盘
2419,13:01:23,76.78,0.01,87,667979,买盘
2420,13:01:27,76.79,0.01,27,207318,买盘
2421,13:01:30,76.79,0.0,194,1489730,买盘
2422,13:01:33,76.83,0.04,26,199758,中性盘
2423,13:01:36,76.83,0.0,116,891338,卖盘
2424,13:01:39,76.84,0.01,174,1337100,卖盘
2425,13:01:42,76.84,0.0,346,2657395,买盘
2426,13:01:45,76.84,0.0,165,1267425,买盘
2427,13:01:48,76.83,-0.01,42,322742,卖盘
2428,13:01:51,76.84,0.01,101,776003,买盘
2429,13:01:54,76.83,-0.01,132,1014248,中性盘
2430,13:01:57,76.83,0.0,23,176709,买盘
2431,13:02:00,76.78,-0.05,19,145903,卖盘
2432,13:02:03,76.78,0.0,24,184290,卖盘
2433,13:02:04,76.78,0.0,23,176652,中性盘
2434,13:02:09,76.78,0.0,49,376348,卖盘
2435,13:02:12,76.81,0.03,24,184341,买盘
2436,13:02:15,76.83,0.02,136,1044598,买盘
2437,13:02:17,76.82,-0.01,54,414868,卖盘
2438,13:02:19,76.81,-0.01,11,84497,卖盘
2439,13:02:23,76.81,0.0,3,23043,买盘
2440,13:02:27,76.81,0.0,12,92191,卖盘
2441,13:02:30,76.81,0.0,1,7681,卖盘
2442,13:02:32,76.81,0.0,11,84499,卖盘
2443,13:02:36,76.81,0.0,48,368702,卖盘
2444,13:02:38,76.81,0.0,14,107550,中性盘
2445,13:02:40,76.83,0.02,17,130576,买盘
2446,13:02:45,76.8,-0.03,9,69125,卖盘
2447,13:02:48,76.81,0.01,48,368650,买盘
2448,13:02:50,76.8,-0.01,19,145933,卖盘
2449,13:02:54,76.8,0.0,20,153599,买盘
2450,13:02:56,76.79,-0.01,16,122867,卖盘
2451,13:02:59,76.8,0.01,35,268772,买盘
2452,13:03:03,76.8,0.0,68,522199,买盘
2453,13:03:06,76.8,0.0,15,115190,买盘
2454,13:03:09,76.79,-0.01,67,514486,卖盘
2455,13:03:12,76.8,0.01,22,168955,买盘
2456,13:03:15,76.8,0.0,40,307175,买盘
2457,13:03:18,76.8,0.0,19,145911,买盘
2458,13:03:19,76.79,-0.01,19,145904,卖盘
2459,13:03:24,76.8,0.01,35,268777,买盘
2460,13:03:27,76.8,0.0,35,268787,买盘
2461,13:03:30,76.81,0.01,35,268803,买盘
2462,13:03:33,76.8,-0.01,14,107522,卖盘
2463,13:03:36,76.81,0.01,15,115204,买盘
2464,13:03:38,76.8,-0.01,36,276501,卖盘
2465,13:03:41,76.79,-0.01,55,422331,卖盘
2466,13:03:45,76.79,0.0,20,153593,卖盘
2467,13:03:48,76.78,-0.01,50,383948,卖盘
2468,13:03:51,76.79,0.01,17,130546,卖盘
2469,13:03:54,76.8,0.01,269,2065893,买盘
2470,13:03:57,76.79,-0.01,71,545240,卖盘
2471,13:04:00,76.8,0.01,59,453119,买盘
2472,13:04:03,76.8,0.0,351,2695751,卖盘
2473,13:04:06,76.81,0.01,119,913935,买盘
2474,13:04:09,76.81,0.0,97,744975,买盘
2475,13:04:12,76.8,-0.01,51,391697,卖盘
2476,13:04:14,76.81,0.01,5,38404,买盘
2477,13:04:16,76.8,-0.01,70,537610,卖盘
2478,13:04:20,76.8,0.0,65,499129,买盘
2479,13:04:23,76.8,0.0,40,307166,买盘
2480,13:04:27,76.78,-0.02,41,314821,卖盘
2481,13:04:30,76.77,-0.01,106,813873,卖盘
2482,13:04:33,76.77,0.0,47,360860,卖盘
2483,13:04:36,76.76,-0.01,186,1427728,卖盘
2484,13:04:39,76.76,0.0,62,475823,买盘
2485,13:04:42,76.72,-0.04,42,322278,卖盘
2486,13:04:45,76.74,0.02,101,775082,中性盘
2487,13:04:48,76.73,-0.01,20,153465,卖盘
2488,13:04:51,76.73,0.0,37,283935,卖盘
2489,13:04:54,76.74,0.01,16,122782,卖盘
2490,13:04:55,76.75,0.01,1,7675,买盘
2491,13:05:00,76.75,0.0,38,291647,买盘
2492,13:05:03,76.74,-0.01,39,299299,卖盘
2493,13:05:06,76.74,0.0,6,46049,卖盘
2494,13:05:09,76.74,0.0,24,184163,买盘
2495,13:05:12,76.74,0.0,9,69065,买盘
2496,13:05:15,76.73,-0.01,223,1710873,卖盘
2497,13:05:16,76.72,-0.01,238,1825405,卖盘
2498,13:05:21,76.71,-0.01,46,352915,中性盘
2499,13:05:23,76.67,-0.04,64,490788,卖盘
2500,13:05:27,76.69,0.02,12,92051,卖盘
2501,13:05:29,76.71,0.02,89,682705,买盘
2502,13:05:32,76.72,0.01,81,621352,买盘
2503,13:05:36,76.72,0.0,34,260847,买盘
2504,13:05:39,76.74,0.02,181,1388637,买盘
2505,13:05:42,76.7,-0.04,247,1894883,卖盘
2506,13:05:44,76.71,0.01,22,168762,买盘
2507,13:05:48,76.72,0.01,261,2002134,买盘
2508,13:05:51,76.71,-0.01,14,107407,卖盘
2509,13:05:54,76.74,0.03,4,30696,买盘
2510,13:05:57,76.72,-0.02,154,1181512,卖盘
2511,13:05:59,76.72,0.0,43,329896,买盘
2512,13:06:03,76.72,0.0,7,53708,卖盘
2513,13:06:05,76.71,-0.01,140,1074106,卖盘
2514,13:06:09,76.73,0.02,20,153462,中性盘
2515,13:06:12,76.71,-0.02,8,61373,卖盘
2516,13:06:15,76.74,0.03,3,23019,买盘
2517,13:06:18,76.72,-0.02,32,245519,卖盘
2518,13:06:21,76.71,-0.01,2,15342,卖盘
2519,13:06:23,76.72,0.01,23,176455,买盘
2520,13:06:27,76.71,-0.01,184,1411642,卖盘
2521,13:06:30,76.72,0.01,9,69056,中性盘
2522,13:06:33,76.73,0.01,2,15346,买盘
2523,13:06:36,76.73,0.0,87,667414,买盘
2524,13:06:39,76.71,-0.02,149,1142980,卖盘
2525,13:06:40,76.71,0.0,52,398892,买盘
2526,13:06:45,76.72,0.01,11,84379,买盘
2527,13:06:48,76.71,-0.01,5,38356,中性盘
2528,13:06:49,76.73,0.02,136,1043229,买盘
2529,13:06:54,76.73,0.0,36,276147,买盘
2530,13:06:57,76.7,-0.03,9,69030,卖盘
2531,13:07:00,76.67,-0.03,111,851127,卖盘
2532,13:07:02,76.72,0.05,7,53704,买盘
2533,13:07:05,76.72,0.0,12,92060,卖盘
2534,13:07:09,76.72,0.0,40,306816,中性盘
2535,13:07:10,76.68,-0.04,10,76713,卖盘
2536,13:07:15,76.68,0.0,20,153373,卖盘
2537,13:07:18,76.69,0.01,302,2315486,中性盘
2538,13:07:20,76.7,0.01,52,398709,中性盘
2539,13:07:24,76.72,0.02,62,475517,买盘
2540,13:07:27,76.71,-0.01,192,1472686,卖盘
2541,13:07:30,76.72,0.01,13,99727,买盘
2542,13:07:33,76.72,0.0,95,728748,买盘
2543,13:07:36,76.72,0.0,68,521675,买盘
2544,13:07:39,76.72,0.0,3,23016,卖盘
2545,13:07:42,76.73,0.01,95,728858,买盘
2546,13:07:45,76.7,-0.03,182,1395973,卖盘
2547,13:07:46,76.71,0.01,23,176432,买盘
2548,13:07:50,76.7,-0.01,19,145746,卖盘
2549,13:07:54,76.71,0.01,155,1189009,买盘
2550,13:07:57,76.72,0.01,39,299207,买盘
2551,13:08:00,76.73,0.01,59,452706,买盘
2552,13:08:03,76.73,0.0,218,1672378,买盘
2553,13:08:06,76.72,-0.01,20,153440,买盘
2554,13:08:07,76.72,0.0,8,61375,买盘
2555,13:08:12,76.71,-0.01,140,1073940,卖盘
2556,13:08:15,76.7,-0.01,38,291464,卖盘
2557,13:08:18,76.7,0.0,3,23011,卖盘
2558,13:08:21,76.7,0.0,80,613615,卖盘
2559,13:08:24,76.7,0.0,207,1587640,卖盘
2560,13:08:27,76.7,0.0,20,153402,卖盘
2561,13:08:30,76.71,0.01,104,797773,买盘
2562,13:08:32,76.71,0.0,29,222435,买盘
2563,13:08:36,76.7,-0.01,91,697974,卖盘
2564,13:08:39,76.7,0.0,1,7670,卖盘
2565,13:08:42,76.71,0.01,18,138073,买盘
2566,13:08:45,76.71,0.0,7,53696,买盘
2567,13:08:48,76.71,0.0,9,69033,买盘
2568,13:08:51,76.71,0.0,3,23011,买盘
2569,13:08:54,76.71,0.0,110,843719,买盘
2570,13:08:57,76.7,-0.01,52,398874,卖盘
2571,13:09:00,76.71,0.01,45,345140,买盘
2572,13:09:02,76.7,-0.01,16,122722,卖盘
2573,13:09:09,76.7,0.0,22,168740,买盘
2574,13:09:12,76.7,0.0,103,790004,买盘
2575,13:09:14,76.7,0.0,242,1855913,买盘
2576,13:09:17,76.7,0.0,21,161070,买盘
2577,13:09:21,76.71,0.01,78,598255,买盘
2578,13:09:24,76.7,-0.01,16,122720,卖盘
2579,13:09:27,76.71,0.01,219,1679715,买盘
2580,13:09:30,76.7,-0.01,48,368197,卖盘
2581,13:09:33,76.7,0.0,3,23010,买盘
2582,13:09:35,76.7,0.0,19,145729,买盘
2583,13:09:39,76.69,-0.01,4,30676,卖盘
2584,13:09:42,76.69,0.0,33,253090,卖盘
2585,13:09:45,76.7,0.01,57,437185,买盘
2586,13:09:48,76.69,-0.01,70,536844,卖盘
2587,13:09:51,76.69,0.0,54,414153,卖盘
2588,13:09:54,76.69,0.0,20,153380,卖盘
2589,13:10:00,76.69,0.0,601,4608539,买盘
2590,13:10:03,76.68,-0.01,36,276052,卖盘
2591,13:10:06,76.67,-0.01,77,590413,卖盘
2592,13:10:09,76.67,0.0,188,1441396,卖盘
2593,13:10:12,76.64,-0.03,87,666875,卖盘
2594,13:10:14,76.64,0.0,56,429300,买盘
2595,13:10:16,76.64,0.0,144,1103432,买盘
2596,13:10:21,76.64,0.0,58,444434,买盘
2597,13:10:24,76.63,-0.01,75,574684,卖盘
2598,13:10:27,76.61,-0.02,116,888746,卖盘
2599,13:10:29,76.61,0.0,425,3255541,中性盘
2600,13:10:33,76.6,-0.01,22,168558,卖盘
2601,13:10:35,76.6,0.0,11,84266,卖盘
2602,13:10:39,76.61,0.01,18,137887,买盘
2603,13:10:42,76.6,-0.01,103,788963,卖盘
2604,13:10:44,76.6,0.0,50,382946,买盘
2605,13:10:48,76.57,-0.03,64,490153,卖盘
2606,13:10:51,76.58,0.01,11,84226,中性盘
2607,13:10:54,76.59,0.01,21,160828,中性盘
2608,13:10:57,76.59,0.0,44,336955,买盘
2609,13:11:00,76.6,0.01,180,1378436,买盘
2610,13:11:02,76.59,-0.01,40,306360,中性盘
2611,13:11:06,76.57,-0.02,58,444171,卖盘
2612,13:11:08,76.57,0.0,138,1056960,买盘
2613,13:11:12,76.59,0.02,20,153183,中性盘
2614,13:11:15,76.59,0.0,119,911201,买盘
2615,13:11:18,76.59,0.0,85,650851,买盘
2616,13:11:19,76.58,-0.01,5,38290,卖盘
2617,13:11:24,76.59,0.01,37,282999,买盘
2618,13:11:25,76.61,0.02,21,160865,买盘
2619,13:11:30,76.59,-0.02,102,781601,卖盘
2620,13:11:33,76.59,0.0,44,336995,买盘
2621,13:11:36,76.61,0.02,48,367259,买盘
2622,13:11:39,76.62,0.01,29,222172,买盘
2623,13:11:42,76.61,-0.01,54,413699,卖盘
2624,13:11:45,76.6,-0.01,193,1478259,买盘
2625,13:11:47,76.61,0.01,35,268115,买盘
2626,13:11:51,76.61,0.0,17,130237,买盘
2627,13:11:53,76.61,0.0,41,314101,中性盘
2628,13:11:55,76.61,0.0,23,176219,卖盘
2629,13:12:00,76.63,0.02,53,406102,买盘
2630,13:12:03,76.63,0.0,7,53642,卖盘
2631,13:12:06,76.63,0.0,197,1509708,卖盘
2632,13:12:09,76.64,0.01,271,2076827,买盘
2633,13:12:12,76.65,0.01,7,53655,买盘
2634,13:12:15,76.64,-0.01,142,1088256,卖盘
2635,13:12:18,76.64,0.0,49,375486,买盘
2636,13:12:21,76.63,-0.01,51,390813,卖盘
2637,13:12:24,76.62,-0.01,47,360140,卖盘
2638,13:12:27,76.63,0.01,54,413802,买盘
2639,13:12:30,76.63,0.0,17,130271,买盘
2640,13:12:33,76.63,0.0,25,191565,买盘
2641,13:12:36,76.63,0.0,6,45978,买盘
2642,13:12:39,76.63,0.0,32,245195,买盘
2643,13:12:40,76.64,0.01,140,1072719,买盘
2644,13:12:45,76.65,0.01,127,973397,买盘
2645,13:12:46,76.66,0.01,20,153303,买盘
2646,13:12:51,76.65,-0.01,17,130311,卖盘
2647,13:12:54,76.67,0.02,97,743534,买盘
